20110701 000014227,265.930000,266.080000,0
20110701 000400397,265.940000,266.090000,0
20110701 000536333,265.930000,266.080000,0
20110701 000539757,265.940000,266.090000,0
20110701 000546287,265.930000,266.080000,0
20110701 000546617,265.940000,266.090000,0
20110701 000657100,265.930000,266.080000,0
20110701 000728023,265.940000,266.090000,0
20110701 000829583,265.930000,266.080000,0
20110701 001028177,265.920000,266.070000,0
20110701 001059100,265.930000,266.080000,0
20110701 001243600,265.920000,266.070000,0
20110701 001429820,265.930000,266.080000,0
20110701 001430163,265.920000,266.070000,0
20110701 001431193,265.930000,266.080000,0
20110701 001451820,265.920000,266.070000,0
20110701 001511053,265.910000,266.060000,0
20110701 001519320,265.920000,266.070000,0
20110701 001522070,265.930000,266.080000,0
20110701 001551630,265.920000,266.070000,0
20110701 001914100,265.930000,266.080000,0
20110701 001914443,265.920000,266.070000,0
20110701 002107880,265.840000,265.990000,0
20110701 002114427,265.920000,266.070000,0
20110701 002131943,265.910000,266.060000,0
20110701 002132320,265.920000,266.070000,0
20110701 002140570,265.910000,266.060000,0
20110701 002152600,265.920000,266.070000,0
20110701 002156023,265.910000,266.060000,0
20110701 002159117,265.920000,266.070000,0
20110701 002159787,265.910000,266.060000,0
20110701 002222477,265.900000,266.050000,0
20110701 002236913,265.910000,266.060000,0
20110701 002244147,265.900000,266.050000,0
20110701 002244477,265.910000,266.060000,0
20110701 002302350,265.900000,266.050000,0
20110701 002313007,265.910000,266.060000,0
20110701 002337100,265.900000,266.050000,0
20110701 002337427,265.910000,266.060000,0
20110701 002343240,265.900000,266.050000,0
20110701 002347727,265.910000,266.060000,0
20110701 002349803,265.900000,266.050000,0
20110701 002503023,265.910000,266.060000,0
20110701 002513990,265.900000,266.050000,0
20110701 002515727,265.910000,266.060000,0
20110701 002521913,265.900000,266.050000,0
20110701 002522630,265.910000,266.060000,0
20110701 002728443,265.920000,266.070000,0
20110701 003016193,265.910000,266.060000,0
20110701 003016537,265.920000,266.070000,0
20110701 003035757,265.910000,266.060000,0
20110701 003044380,265.920000,266.070000,0
20110701 003050880,265.910000,266.060000,0
20110701 003055693,265.920000,266.070000,0
20110701 003108070,265.910000,266.060000,0
20110701 003205117,265.920000,266.070000,0
20110701 003326943,265.860000,266.010000,0
20110701 003328663,265.840000,265.990000,0
20110701 003335193,265.830000,265.980000,0
20110701 003504913,265.820000,265.970000,0
20110701 003535850,265.830000,265.980000,0
20110701 003829443,265.860000,266.010000,0
20110701 003909663,265.870000,266.020000,0
20110701 003934427,265.860000,266.010000,0
20110701 003951960,265.870000,266.020000,0
20110701 004019100,265.860000,266.010000,0
20110701 004330553,265.890000,266.040000,0
20110701 004330913,265.860000,266.010000,0
20110701 004833413,265.900000,266.050000,0
20110701 004835147,265.910000,266.060000,0
20110701 004837193,265.900000,266.050000,0
20110701 004837537,265.910000,266.060000,0
20110701 004840617,265.900000,266.050000,0
20110701 004842350,265.910000,266.060000,0
20110701 004908820,265.900000,266.050000,0
20110701 004910880,265.910000,266.060000,0
20110701 004914693,265.900000,266.050000,0
20110701 004940100,265.910000,266.060000,0
20110701 005311163,265.920000,266.070000,0
20110701 005350693,265.910000,266.060000,0
20110701 005400663,265.920000,266.070000,0
20110701 005433990,265.910000,266.060000,0
20110701 005446397,265.900000,266.050000,0
20110701 005514570,265.910000,266.060000,0
20110701 005641867,265.920000,266.070000,0
20110701 010009163,265.910000,266.060000,0
20110701 010313757,265.900000,266.050000,0
20110701 010347100,265.910000,266.060000,0
20110701 010448320,265.850000,266.000000,0
20110701 010454477,265.910000,266.060000,0
20110701 010502727,265.940000,266.090000,0
20110701 011017630,265.980000,266.130000,0
20110701 011035477,265.990000,266.140000,0
20110701 011035820,265.980000,266.130000,0
20110701 011047850,265.990000,266.140000,0
20110701 011048193,265.980000,266.130000,0
20110701 011049227,265.990000,266.140000,0
20110701 011049553,265.980000,266.130000,0
20110701 011053350,265.990000,266.140000,0
20110701 011053710,265.980000,266.130000,0
20110701 011431947,265.990000,266.140000,0
20110701 011432290,265.980000,266.130000,0
20110701 011858353,265.990000,266.140000,0
20110701 011858697,265.980000,266.130000,0
20110701 012121697,265.970000,266.120000,0
20110701 012452447,265.980000,266.130000,0
20110701 012452773,265.970000,266.120000,0
20110701 012456210,265.910000,266.060000,0
20110701 012502383,265.970000,266.120000,0
20110701 013256417,265.980000,266.130000,0
20110701 013256757,265.970000,266.120000,0
20110701 013302603,265.980000,266.130000,0
20110701 013302947,265.970000,266.120000,0
20110701 013311883,265.980000,266.130000,0
20110701 013312227,265.970000,266.120000,0
20110701 013358307,265.920000,266.070000,0
20110701 013402417,265.760000,265.910000,0
20110701 013402790,265.740000,265.890000,0
20110701 013403430,265.710000,265.860000,0
20110701 013403773,265.700000,265.850000,0
20110701 013404477,265.810000,265.960000,0
20110701 013422697,265.700000,265.850000,0
20110701 013439867,265.580000,265.730000,0
20110701 013452587,265.630000,265.780000,0
20110701 013558947,265.660000,265.810000,0
20110701 013559633,265.650000,265.800000,0
20110701 014026727,265.390000,265.540000,0
20110701 014028103,265.380000,265.530000,0
20110701 014030167,265.360000,265.510000,0
20110701 014117290,265.370000,265.520000,0
20110701 014146820,265.360000,265.510000,0
20110701 015040667,265.350000,265.500000,0
20110701 015041007,265.280000,265.380000,0
20110701 015049243,265.190000,265.340000,0
20110701 015059917,265.210000,265.360000,0
20110701 015100257,265.230000,265.380000,0
20110701 015235117,265.130000,265.280000,0
20110701 015240290,265.130000,265.230000,0
20110701 015340807,265.130000,265.260000,0
20110701 015341133,265.160000,265.260000,0
20110701 015435790,265.110000,265.260000,0
20110701 015436133,265.110000,265.210000,0
20110701 015648820,265.020000,265.170000,0
20110701 015649167,265.030000,265.180000,0
20110701 015649507,265.010000,265.160000,0
20110701 015650540,265.050000,265.180000,0
20110701 015716320,265.010000,265.160000,0
20110701 015716667,265.030000,265.180000,0
20110701 015804133,265.060000,265.210000,0
20110701 015955133,265.100000,265.250000,0
20110701 015955477,265.160000,265.260000,0
20110701 020002367,265.190000,265.340000,0
20110701 020002727,265.210000,265.360000,0
20110701 020003057,265.200000,265.350000,0
20110701 020003757,265.210000,265.360000,0
20110701 020053570,265.080000,265.230000,0
20110701 020053917,265.040000,265.180000,0
20110701 020054603,265.030000,265.180000,0
20110701 020218133,265.150000,265.300000,0
20110701 020219507,265.160000,265.310000,0
20110701 020315227,265.150000,265.300000,0
20110701 020323103,265.160000,265.310000,0
20110701 020729603,265.130000,265.280000,0
20110701 020729947,265.200000,265.350000,0
20110701 020908917,265.210000,265.360000,0
20110701 020939507,265.200000,265.350000,0
20110701 021100290,265.160000,265.310000,0
20110701 021100633,265.170000,265.320000,0
20110701 021101667,265.160000,265.310000,0
20110701 021104103,265.180000,265.330000,0
20110701 021142587,265.200000,265.350000,0
20110701 021242417,265.190000,265.340000,0
20110701 021244117,265.200000,265.350000,0
20110701 021244807,265.190000,265.340000,0
20110701 021302680,265.200000,265.350000,0
20110701 021306103,265.190000,265.340000,0
20110701 021315757,265.200000,265.350000,0
20110701 021321603,265.190000,265.340000,0
20110701 021330507,265.200000,265.350000,0
20110701 021410040,265.190000,265.340000,0
20110701 021416257,265.180000,265.330000,0
20110701 021425557,265.170000,265.320000,0
20110701 021426227,265.180000,265.330000,0
20110701 021426917,265.170000,265.320000,0
20110701 021427243,265.180000,265.330000,0
20110701 021428633,265.170000,265.320000,0
20110701 021431383,265.180000,265.330000,0
20110701 021432727,265.170000,265.320000,0
20110701 021434133,265.180000,265.330000,0
20110701 021440667,265.170000,265.320000,0
20110701 021441337,265.160000,265.310000,0
20110701 021442367,265.140000,265.290000,0
20110701 021442727,265.150000,265.300000,0
20110701 021454383,265.160000,265.310000,0
20110701 021519820,265.150000,265.300000,0
20110701 021602103,265.140000,265.290000,0
20110701 021604853,265.150000,265.300000,0
20110701 021605883,265.170000,265.320000,0
20110701 021606227,265.100000,265.250000,0
20110701 021659197,265.090000,265.240000,0
20110701 021659540,265.100000,265.250000,0
20110701 021705023,265.090000,265.240000,0
20110701 021710197,265.100000,265.250000,0
20110701 021710883,265.030000,265.180000,0
20110701 021711227,265.010000,265.160000,0
20110701 021719103,265.000000,265.110000,0
20110701 021727697,264.960000,265.110000,0
20110701 021728057,264.950000,265.060000,0
20110701 021731477,264.950000,265.090000,0
20110701 021731807,265.010000,265.160000,0
20110701 021732150,265.100000,265.250000,0
20110701 021743197,265.110000,265.260000,0
20110701 021745227,265.120000,265.270000,0
20110701 021745570,265.130000,265.280000,0
20110701 021811007,265.140000,265.290000,0
20110701 021811353,265.050000,265.200000,0
20110701 021812417,265.010000,265.160000,0
20110701 021826133,265.000000,265.150000,0
20110701 021840587,265.010000,265.160000,0
20110701 021843320,265.040000,265.190000,0
20110701 021843667,264.880000,265.030000,0
20110701 021850197,264.870000,264.980000,0
20110701 021912197,264.880000,264.990000,0
20110701 021912570,264.880000,264.980000,0
20110701 021954477,264.890000,264.990000,0
20110701 022026447,264.880000,264.980000,0
20110701 022117320,264.880000,264.990000,0
20110701 022117667,264.890000,264.990000,0
20110701 022239477,264.890000,265.000000,0
20110701 022239820,264.890000,264.990000,0
20110701 022243603,264.900000,265.000000,0
20110701 022327947,264.910000,265.000000,0
20110701 022329337,264.900000,265.000000,0
20110701 022347867,264.890000,265.000000,0
20110701 022348227,264.890000,264.990000,0
20110701 022349977,264.880000,264.990000,0
20110701 022350290,264.890000,264.990000,0
20110701 022351697,264.880000,264.990000,0
20110701 022352023,264.850000,264.990000,0
20110701 022353400,264.850000,264.980000,0
20110701 022354417,264.850000,264.970000,0
20110701 022356820,264.870000,264.970000,0
20110701 022359947,264.870000,264.990000,0
20110701 022400290,264.870000,264.970000,0
20110701 022402697,264.870000,264.990000,0
20110701 022405103,264.870000,264.970000,0
20110701 022406820,264.870000,264.990000,0
20110701 022411290,264.840000,264.960000,0
20110701 022411633,264.840000,264.940000,0
20110701 022412977,264.900000,264.960000,0
20110701 022418477,264.870000,264.990000,0
20110701 022423650,264.840000,264.940000,0
20110701 022424667,264.850000,264.940000,0
20110701 022508667,264.880000,264.960000,0
20110701 022521710,264.850000,264.950000,0
20110701 022522070,264.850000,264.940000,0
20110701 022549587,264.850000,264.950000,0
20110701 022549930,264.880000,264.970000,0
20110701 022554743,264.860000,264.960000,0
20110701 022557493,264.890000,264.960000,0
20110701 022558557,264.910000,264.990000,0
20110701 022601633,264.900000,264.990000,0
20110701 022601960,264.900000,264.980000,0
20110701 022604040,264.880000,264.980000,0
20110701 022604367,264.880000,264.940000,0
20110701 022607460,264.900000,264.980000,0
20110701 022636337,264.930000,264.980000,0
20110701 022639773,264.900000,264.980000,0
20110701 022706587,264.880000,264.970000,0
20110701 022709680,264.850000,264.950000,0
20110701 022710023,264.850000,264.940000,0
20110701 022724807,264.870000,264.970000,0
20110701 022734773,264.900000,264.980000,0
20110701 022751617,264.900000,264.990000,0
20110701 022811210,264.900000,265.000000,0
20110701 022811900,264.960000,265.050000,0
20110701 022812243,264.960000,265.070000,0
20110701 022815353,264.960000,265.050000,0
20110701 022816057,264.960000,265.070000,0
20110701 022831867,264.960000,265.050000,0
20110701 022837353,264.940000,265.060000,0
20110701 022838367,264.940000,265.050000,0
20110701 022838710,264.930000,265.050000,0
20110701 022839417,264.930000,265.040000,0
20110701 022902460,264.930000,265.020000,0
20110701 022903807,264.930000,265.040000,0
20110701 022910710,264.930000,265.020000,0
20110701 022912430,264.930000,265.040000,0
20110701 022913087,264.930000,265.020000,0
20110701 022915150,264.930000,265.040000,0
20110701 022915493,264.930000,265.020000,0
20110701 022929930,264.910000,265.040000,0
20110701 022930977,264.920000,265.040000,0
20110701 022931650,264.920000,265.030000,0
20110701 022932337,264.920000,265.020000,0
20110701 022935773,264.820000,264.940000,0
20110701 022937150,264.830000,264.920000,0
20110701 022939557,264.810000,264.900000,0
20110701 022953993,264.820000,264.910000,0
20110701 022956743,264.830000,264.910000,0
20110701 023020460,264.830000,264.900000,0
20110701 023051087,264.810000,264.900000,0
20110701 023052430,264.810000,264.890000,0
20110701 023053460,264.810000,264.880000,0
20110701 023053837,264.820000,264.890000,0
20110701 023103430,264.830000,264.900000,0
20110701 023105133,264.830000,264.880000,0
20110701 023115477,264.820000,264.870000,0
20110701 023129917,264.830000,264.880000,0
20110701 023131617,264.820000,264.870000,0
20110701 023133337,264.810000,264.880000,0
20110701 023133680,264.820000,264.870000,0
20110701 023138180,264.800000,264.870000,0
20110701 023138507,264.800000,264.890000,0
20110701 023139557,264.800000,264.850000,0
20110701 023139900,264.800000,264.870000,0
20110701 023140587,264.800000,264.860000,0
20110701 023142307,264.800000,264.850000,0
20110701 023153617,264.790000,264.840000,0
20110701 023153960,264.800000,264.850000,0
20110701 023155680,264.810000,264.860000,0
20110701 023159150,264.790000,264.880000,0
20110701 023159477,264.790000,264.860000,0
20110701 023200523,264.790000,264.840000,0
20110701 023201540,264.780000,264.830000,0
20110701 023201883,264.790000,264.840000,0
20110701 023231807,264.790000,264.860000,0
20110701 023232150,264.790000,264.850000,0
20110701 023232820,264.790000,264.840000,0
20110701 023238667,264.790000,264.850000,0
20110701 023243133,264.790000,264.870000,0
20110701 023335727,264.790000,264.850000,0
20110701 023337087,264.800000,264.870000,0
20110701 023340180,264.800000,264.850000,0
20110701 023341930,264.790000,264.860000,0
20110701 023342257,264.790000,264.870000,0
20110701 023343650,264.790000,264.860000,0
20110701 023352900,264.780000,264.860000,0
20110701 023354617,264.780000,264.850000,0
20110701 023410087,264.700000,264.800000,0
20110701 023410447,264.700000,264.790000,0
20110701 023425570,264.670000,264.770000,0
20110701 023430710,264.670000,264.760000,0
20110701 023434493,264.670000,264.740000,0
20110701 023434837,264.680000,264.760000,0
20110701 023436557,264.680000,264.750000,0
20110701 023440680,264.680000,264.730000,0
20110701 023443773,264.700000,264.750000,0
20110701 023444460,264.690000,264.740000,0
20110701 023445167,264.700000,264.750000,0
20110701 023447587,264.700000,264.770000,0
20110701 023447900,264.700000,264.750000,0
20110701 023458900,264.690000,264.740000,0
20110701 023459243,264.700000,264.750000,0
20110701 023514383,264.690000,264.740000,0
20110701 023520557,264.700000,264.750000,0
20110701 023520900,264.680000,264.730000,0
20110701 023525367,264.680000,264.750000,0
20110701 023531557,264.680000,264.770000,0
20110701 023537757,264.680000,264.750000,0
20110701 023544960,264.680000,264.770000,0
20110701 023549103,264.680000,264.750000,0
20110701 023549447,264.680000,264.770000,0
20110701 023551523,264.680000,264.750000,0
20110701 023552867,264.680000,264.770000,0
20110701 023621773,264.680000,264.750000,0
20110701 023648570,264.680000,264.770000,0
20110701 023714680,264.680000,264.780000,0
20110701 023715023,264.680000,264.770000,0
20110701 023811057,264.680000,264.780000,0
20110701 023817587,264.680000,264.770000,0
20110701 023925320,264.680000,264.750000,0
20110701 023931150,264.680000,264.770000,0
20110701 023934587,264.650000,264.750000,0
20110701 023934947,264.650000,264.740000,0
20110701 023936650,264.680000,264.760000,0
20110701 023938383,264.700000,264.750000,0
20110701 023940773,264.690000,264.770000,0
20110701 023943180,264.700000,264.750000,0
20110701 023945243,264.700000,264.790000,0
20110701 023945587,264.740000,264.830000,0
20110701 023945917,264.740000,264.840000,0
20110701 023951430,264.770000,264.850000,0
20110701 024006227,264.770000,264.830000,0
20110701 024006570,264.770000,264.850000,0
20110701 024007257,264.770000,264.830000,0
20110701 024009650,264.770000,264.850000,0
20110701 024010367,264.770000,264.830000,0
20110701 024013807,264.770000,264.850000,0
20110701 024014133,264.770000,264.830000,0
20110701 024015867,264.770000,264.850000,0
20110701 024018617,264.770000,264.830000,0
20110701 024018947,264.770000,264.850000,0
20110701 024019307,264.770000,264.830000,0
20110701 024024460,264.770000,264.850000,0
20110701 024024807,264.770000,264.830000,0
20110701 024025837,264.770000,264.850000,0
20110701 024026180,264.770000,264.830000,0
20110701 024033040,264.770000,264.820000,0
20110701 024040960,264.760000,264.810000,0
20110701 024104993,264.770000,264.820000,0
20110701 024105320,264.760000,264.810000,0
20110701 024107417,264.770000,264.880000,0
20110701 024113603,264.770000,264.820000,0
20110701 024129070,264.780000,264.830000,0
20110701 024129417,264.770000,264.840000,0
20110701 024130460,264.770000,264.820000,0
20110701 024134900,264.770000,264.830000,0
20110701 024135243,264.770000,264.820000,0
20110701 024136977,264.770000,264.830000,0
20110701 024158257,264.770000,264.820000,0
20110701 024202430,264.770000,264.880000,0
20110701 024208617,264.770000,264.820000,0
20110701 024251930,264.760000,264.810000,0
20110701 024330070,264.770000,264.820000,0
20110701 024334523,264.760000,264.810000,0
20110701 024349680,264.770000,264.820000,0
20110701 024402697,264.770000,264.830000,0
20110701 024410273,264.770000,264.820000,0
20110701 024413023,264.770000,264.830000,0
20110701 024413367,264.770000,264.820000,0
20110701 024416807,264.770000,264.830000,0
20110701 024417150,264.770000,264.820000,0
20110701 024427133,264.770000,264.830000,0
20110701 024501837,264.770000,264.820000,0
20110701 024503883,264.770000,264.830000,0
20110701 024509743,264.770000,264.820000,0
20110701 024511150,264.770000,264.830000,0
20110701 024524523,264.770000,264.820000,0
20110701 024538650,264.760000,264.810000,0
20110701 024543430,264.770000,264.820000,0
20110701 024606460,264.740000,264.840000,0
20110701 024614400,264.740000,264.820000,0
20110701 024615430,264.740000,264.840000,0
20110701 024615757,264.740000,264.820000,0
20110701 024619197,264.690000,264.810000,0
20110701 024619540,264.690000,264.790000,0
20110701 024620210,264.700000,264.790000,0
20110701 024623337,264.700000,264.770000,0
20110701 024623680,264.700000,264.790000,0
20110701 024625040,264.700000,264.770000,0
20110701 024629523,264.750000,264.820000,0
20110701 024630557,264.750000,264.800000,0
20110701 024631243,264.740000,264.820000,0
20110701 024632273,264.770000,264.820000,0
20110701 024638117,264.770000,264.830000,0
20110701 024642243,264.770000,264.820000,0
20110701 024651867,264.770000,264.830000,0
20110701 024653227,264.740000,264.830000,0
20110701 024654587,264.740000,264.810000,0
20110701 024654930,264.750000,264.810000,0
20110701 024655307,264.730000,264.820000,0
20110701 024656650,264.730000,264.790000,0
20110701 024656993,264.720000,264.790000,0
20110701 024657367,264.720000,264.780000,0
20110701 024658367,264.720000,264.800000,0
20110701 024659070,264.720000,264.780000,0
20110701 024703210,264.720000,264.800000,0
20110701 024704587,264.720000,264.780000,0
20110701 024705273,264.720000,264.800000,0
20110701 024711773,264.690000,264.770000,0
20110701 024712477,264.720000,264.800000,0
20110701 024714197,264.730000,264.800000,0
20110701 024716587,264.700000,264.800000,0
20110701 024716930,264.700000,264.790000,0
20110701 024718307,264.700000,264.770000,0
20110701 024718650,264.700000,264.790000,0
20110701 024720367,264.710000,264.790000,0
20110701 024722087,264.710000,264.780000,0
20110701 024726900,264.730000,264.810000,0
20110701 024729307,264.730000,264.800000,0
20110701 024730337,264.710000,264.800000,0
20110701 024730680,264.710000,264.790000,0
20110701 024735820,264.730000,264.820000,0
20110701 024739617,264.710000,264.800000,0
20110701 024741680,264.700000,264.790000,0
20110701 024742383,264.700000,264.780000,0
20110701 024743417,264.680000,264.770000,0
20110701 024744430,264.680000,264.760000,0
20110701 024745460,264.680000,264.750000,0
20110701 024746180,264.700000,264.800000,0
20110701 024746507,264.650000,264.740000,0
20110701 024747197,264.650000,264.750000,0
20110701 024747557,264.680000,264.750000,0
20110701 024749243,264.680000,264.770000,0
20110701 024751307,264.680000,264.750000,0
20110701 024754057,264.700000,264.770000,0
20110701 024808837,264.750000,264.850000,0
20110701 024809523,264.740000,264.850000,0
20110701 024810557,264.740000,264.790000,0
20110701 024812617,264.730000,264.780000,0
20110701 024814367,264.720000,264.770000,0
20110701 024815057,264.740000,264.860000,0
20110701 024821243,264.730000,264.780000,0
20110701 024821930,264.720000,264.770000,0
20110701 024822617,264.730000,264.780000,0
20110701 024828807,264.720000,264.770000,0
20110701 024829837,264.730000,264.780000,0
20110701 024833603,264.690000,264.770000,0
20110701 024834960,264.700000,264.770000,0
20110701 024844603,264.700000,264.790000,0
20110701 024845633,264.700000,264.770000,0
20110701 024846320,264.700000,264.790000,0
20110701 024856617,264.740000,264.830000,0
20110701 024856960,264.750000,264.840000,0
20110701 024857667,264.750000,264.850000,0
20110701 024857993,264.740000,264.860000,0
20110701 024859040,264.740000,264.840000,0
20110701 024859743,264.740000,264.860000,0
20110701 024904523,264.690000,264.790000,0
20110701 024905210,264.690000,264.770000,0
20110701 024905557,264.730000,264.820000,0
20110701 024905883,264.750000,264.840000,0
20110701 024906587,264.740000,264.860000,0
20110701 024947150,264.690000,264.780000,0
20110701 024948180,264.690000,264.760000,0
20110701 024950587,264.720000,264.820000,0
20110701 024951257,264.740000,264.860000,0
20110701 024955400,264.740000,264.840000,0
20110701 024957460,264.740000,264.860000,0
20110701 025000243,264.740000,264.840000,0
20110701 025001273,264.740000,264.860000,0
20110701 025002977,264.740000,264.840000,0
20110701 025005743,264.740000,264.860000,0
20110701 025009853,264.740000,264.840000,0
20110701 025017417,264.740000,264.860000,0
20110701 025017773,264.740000,264.840000,0
20110701 025055197,264.740000,264.820000,0
20110701 025201587,264.740000,264.840000,0
20110701 025201917,264.740000,264.820000,0
20110701 025208087,264.710000,264.830000,0
20110701 025209460,264.700000,264.840000,0
20110701 025239023,264.730000,264.840000,0
20110701 025341930,264.730000,264.860000,0
20110701 025342617,264.730000,264.840000,0
20110701 025344023,264.730000,264.860000,0
20110701 025356040,264.730000,264.840000,0
20110701 025417680,264.730000,264.860000,0
20110701 025435540,264.730000,264.870000,0
20110701 025435917,264.790000,264.930000,0
20110701 025436587,264.800000,264.940000,0
20110701 025437273,264.800000,264.950000,0
20110701 025438650,264.790000,264.940000,0
20110701 025451367,264.790000,264.920000,0
20110701 025452757,264.790000,264.940000,0
20110701 025457227,264.800000,264.950000,0
20110701 025504087,264.790000,264.940000,0
20110701 025514417,264.800000,264.950000,0
20110701 025516820,264.790000,264.940000,0
20110701 025517493,264.800000,264.950000,0
20110701 025528523,264.790000,264.940000,0
20110701 025528853,264.800000,264.950000,0
20110701 025537103,264.790000,264.940000,0
20110701 025537447,264.800000,264.950000,0
20110701 025538117,264.790000,264.940000,0
20110701 025539150,264.800000,264.950000,0
20110701 025542243,264.790000,264.940000,0
20110701 025544650,264.780000,264.930000,0
20110701 025544993,264.770000,264.920000,0
20110701 025545680,264.760000,264.910000,0
20110701 025546367,264.750000,264.900000,0
20110701 025547400,264.740000,264.890000,0
20110701 025547743,264.750000,264.890000,0
20110701 025548447,264.740000,264.890000,0
20110701 025549447,264.730000,264.870000,0
20110701 025550133,264.790000,264.940000,0
20110701 025550493,264.810000,264.960000,0
20110701 025551867,264.800000,264.950000,0
20110701 025601133,264.650000,264.800000,0
20110701 025601493,264.750000,264.900000,0
20110701 025601837,264.790000,264.940000,0
20110701 025602180,264.810000,264.930000,0
20110701 025603210,264.800000,264.950000,0
20110701 025603570,264.790000,264.940000,0
20110701 025604947,264.780000,264.910000,0
20110701 025605273,264.770000,264.910000,0
20110701 025608710,264.700000,264.850000,0
20110701 025609057,264.690000,264.790000,0
20110701 025612180,264.750000,264.900000,0
20110701 025612493,264.760000,264.910000,0
20110701 025612837,264.790000,264.910000,0
20110701 025613430,264.780000,264.910000,0
20110701 025614900,264.690000,264.820000,0
20110701 025616617,264.690000,264.790000,0
20110701 025636557,264.640000,264.760000,0
20110701 025636917,264.640000,264.740000,0
20110701 025655150,264.700000,264.800000,0
20110701 025655477,264.710000,264.810000,0
20110701 025656180,264.720000,264.820000,0
20110701 025656477,264.720000,264.870000,0
20110701 025657523,264.760000,264.910000,0
20110701 025659257,264.750000,264.900000,0
20110701 025708867,264.760000,264.910000,0
20110701 025712307,264.770000,264.920000,0
20110701 025717117,264.760000,264.910000,0
20110701 025718507,264.770000,264.920000,0
20110701 025723650,264.670000,264.820000,0
20110701 025723993,264.640000,264.790000,0
20110701 025950447,264.650000,264.790000,0
20110701 025950773,264.640000,264.790000,0
20110701 025952837,264.760000,264.910000,0
20110701 025953180,264.800000,264.950000,0
20110701 025953867,264.810000,264.930000,0
20110701 025954557,264.800000,264.950000,0
20110701 025955570,264.810000,264.960000,0
20110701 030253620,264.820000,264.970000,0
20110701 030255340,264.810000,264.960000,0
20110701 030307370,264.820000,264.970000,0
20110701 030342103,264.840000,264.980000,0
20110701 030355497,264.850000,264.990000,0
20110701 030407527,264.850000,264.980000,0
20110701 030409590,264.860000,264.990000,0
20110701 030413713,264.820000,264.950000,0
20110701 030414057,264.820000,264.920000,0
20110701 030434340,264.810000,264.920000,0
20110701 030434683,264.820000,264.910000,0
20110701 030435027,264.820000,264.920000,0
20110701 030438463,264.820000,264.910000,0
20110701 030438807,264.820000,264.920000,0
20110701 030439137,264.830000,264.920000,0
20110701 030538637,264.840000,264.930000,0
20110701 030556840,264.900000,264.990000,0
20110701 030557887,264.890000,264.990000,0
20110701 030706293,264.910000,265.000000,0
20110701 030710090,264.910000,265.010000,0
20110701 030727933,264.880000,265.000000,0
20110701 030728277,264.890000,264.990000,0
20110701 030728997,264.900000,264.990000,0
20110701 030730340,264.890000,264.990000,0
20110701 030730697,264.890000,264.980000,0
20110701 030731370,264.880000,264.970000,0
20110701 030734150,264.850000,264.940000,0
20110701 030734463,264.860000,264.950000,0
20110701 030735840,264.850000,264.950000,0
20110701 030736183,264.840000,264.940000,0
20110701 030736527,264.840000,264.930000,0
20110701 030737900,264.870000,264.960000,0
20110701 030738590,264.870000,264.970000,0
20110701 030738917,264.870000,264.960000,0
20110701 030740293,264.860000,264.960000,0
20110701 030743400,264.870000,264.970000,0
20110701 030744433,264.880000,264.970000,0
20110701 030747557,264.840000,264.920000,0
20110701 030810900,264.790000,264.890000,0
20110701 030811247,264.790000,264.880000,0
20110701 030813293,264.820000,264.910000,0
20110701 030820900,264.830000,264.910000,0
20110701 030823620,264.860000,264.950000,0
20110701 030823963,264.870000,264.960000,0
20110701 030825667,264.860000,264.960000,0
20110701 030845963,264.870000,264.970000,0
20110701 030856963,264.860000,264.970000,0
20110701 030857293,264.860000,264.960000,0
20110701 030857650,264.870000,264.960000,0
20110701 030908340,264.860000,264.950000,0
20110701 030919667,264.840000,264.930000,0
20110701 030920027,264.820000,264.920000,0
20110701 030920370,264.820000,264.910000,0
20110701 030921027,264.800000,264.920000,0
20110701 030928590,264.820000,264.930000,0
20110701 030928933,264.830000,264.930000,0
20110701 030933057,264.820000,264.930000,0
20110701 030933400,264.820000,264.920000,0
20110701 030939603,264.850000,264.950000,0
20110701 031008807,264.860000,264.970000,0
20110701 031009183,264.860000,264.960000,0
20110701 031010543,264.870000,264.960000,0
20110701 031021887,264.870000,264.950000,0
20110701 031031840,264.870000,264.960000,0
20110701 031035620,264.840000,264.930000,0
20110701 031037010,264.830000,264.930000,0
20110701 031044900,264.820000,264.930000,0
20110701 031045247,264.820000,264.920000,0
20110701 031054183,264.850000,264.940000,0
20110701 031055917,264.860000,264.940000,0
20110701 031120650,264.860000,264.950000,0
20110701 031120997,264.870000,264.960000,0
20110701 031121353,264.870000,264.950000,0
20110701 031123400,264.840000,264.940000,0
20110701 031123777,264.840000,264.930000,0
20110701 031124120,264.830000,264.930000,0
20110701 031133027,264.860000,264.950000,0
20110701 031156777,264.870000,264.960000,0
20110701 031347447,264.900000,264.990000,0
20110701 031448277,265.010000,265.070000,0
20110701 031448603,265.030000,265.080000,0
20110701 031459963,265.010000,265.130000,0
20110701 031500323,264.990000,265.110000,0
20110701 031502027,264.980000,265.130000,0
20110701 031506137,264.950000,265.100000,0
20110701 031506497,264.940000,265.090000,0
20110701 031536747,264.990000,265.110000,0
20110701 031537090,265.010000,265.110000,0
20110701 031547433,265.040000,265.140000,0
20110701 031610090,265.070000,265.200000,0
20110701 031610463,265.070000,265.180000,0
20110701 031612150,265.100000,265.180000,0
20110701 031614557,265.130000,265.280000,0
20110701 031614933,265.100000,265.250000,0
20110701 031730167,265.130000,265.280000,0
20110701 031814870,265.050000,265.200000,0
20110701 031815213,264.970000,265.120000,0
20110701 031815557,264.980000,265.130000,0
20110701 031816590,264.970000,265.120000,0
20110701 031845137,265.020000,265.170000,0
20110701 031845497,265.060000,265.210000,0
20110701 031845840,265.070000,265.220000,0
20110701 031846510,265.080000,265.230000,0
20110701 032006947,265.090000,265.240000,0
20110701 032035823,265.080000,265.230000,0
20110701 032039620,265.030000,265.180000,0
20110701 032040980,264.980000,265.130000,0
20110701 032041307,264.970000,265.120000,0
20110701 032042683,264.960000,265.110000,0
20110701 032043027,264.940000,265.090000,0
20110701 032043400,264.960000,265.110000,0
20110701 032043747,265.080000,265.230000,0
20110701 032048527,265.010000,265.160000,0
20110701 032048870,265.000000,265.150000,0
20110701 032052997,265.010000,265.160000,0
20110701 032053683,265.020000,265.170000,0
20110701 032112590,265.010000,265.160000,0
20110701 032114650,265.000000,265.150000,0
20110701 032118777,264.990000,265.140000,0
20110701 032120150,265.000000,265.150000,0
20110701 032120840,264.990000,265.140000,0
20110701 032522167,265.000000,265.140000,0
20110701 032559637,265.000000,265.150000,0
20110701 032559980,265.070000,265.170000,0
20110701 032600683,265.000000,265.140000,0
20110701 032600997,265.010000,265.140000,0
20110701 032602027,265.000000,265.140000,0
20110701 032613370,265.060000,265.160000,0
20110701 032701840,265.060000,265.190000,0
20110701 032702183,265.060000,265.160000,0
20110701 032731417,265.060000,265.170000,0
20110701 032731747,265.070000,265.170000,0
20110701 032745527,265.080000,265.190000,0
20110701 032745840,265.090000,265.190000,0
20110701 032746183,265.100000,265.190000,0
20110701 032817807,265.140000,265.240000,0
20110701 032818137,265.160000,265.260000,0
20110701 032818840,265.170000,265.280000,0
20110701 032819183,265.180000,265.330000,0
20110701 032847043,265.170000,265.320000,0
20110701 033101777,265.150000,265.300000,0
20110701 033102103,265.140000,265.290000,0
20110701 033102840,265.150000,265.290000,0
20110701 033147527,265.170000,265.290000,0
20110701 033147853,265.190000,265.290000,0
20110701 033153370,265.150000,265.290000,0
20110701 033155433,265.090000,265.230000,0
20110701 033155777,265.090000,265.190000,0
20110701 033157137,265.140000,265.250000,0
20110701 033158150,265.170000,265.290000,0
20110701 033158497,265.170000,265.320000,0
20110701 033158840,265.060000,265.210000,0
20110701 033159183,265.060000,265.160000,0
20110701 033159527,265.130000,265.230000,0
20110701 033159870,265.140000,265.230000,0
20110701 033200213,265.150000,265.260000,0
20110701 033200557,265.180000,265.330000,0
20110701 033201573,265.170000,265.320000,0
20110701 033201933,265.060000,265.160000,0
20110701 033203293,265.070000,265.160000,0
20110701 033203650,265.130000,265.230000,0
20110701 033203997,265.140000,265.230000,0
20110701 033204683,265.170000,265.270000,0
20110701 033205387,265.180000,265.280000,0
20110701 033205747,265.180000,265.330000,0
20110701 033212277,265.160000,265.310000,0
20110701 033212620,265.150000,265.290000,0
20110701 033213620,265.140000,265.290000,0
20110701 033402247,265.170000,265.290000,0
20110701 033402603,265.190000,265.290000,0
20110701 033420463,265.160000,265.290000,0
20110701 033420807,265.170000,265.270000,0
20110701 033430090,265.160000,265.290000,0
20110701 033430433,265.200000,265.330000,0
20110701 033452433,265.190000,265.310000,0
20110701 033506870,265.160000,265.310000,0
20110701 033526807,265.110000,265.250000,0
20110701 033527150,265.120000,265.220000,0
20110701 033805260,265.100000,265.220000,0
20110701 033805997,265.130000,265.230000,0
20110701 033839650,265.090000,265.190000,0
20110701 033952870,265.090000,265.150000,0
20110701 034001120,265.090000,265.190000,0
20110701 034008340,265.090000,265.150000,0
20110701 034011120,264.990000,265.090000,0
20110701 034011433,264.950000,265.050000,0
20110701 034049603,264.950000,265.100000,0
20110701 034111947,264.960000,265.100000,0
20110701 034112293,265.000000,265.100000,0
20110701 034150793,264.980000,265.100000,0
20110701 034151150,264.970000,265.070000,0
20110701 034244073,264.950000,265.060000,0
20110701 034244433,264.950000,265.050000,0
20110701 034254043,264.970000,265.070000,0
20110701 034314323,265.000000,265.090000,0
20110701 034319823,264.980000,265.080000,0
20110701 034333230,264.990000,265.080000,0
20110701 034335947,264.980000,265.080000,0
20110701 034350073,265.000000,265.090000,0
20110701 034356260,264.980000,265.080000,0
20110701 034426167,265.000000,265.090000,0
20110701 034431667,264.980000,265.080000,0
20110701 034432353,264.980000,265.070000,0
20110701 034502277,265.000000,265.090000,0
20110701 034507747,264.980000,265.080000,0
20110701 034528713,264.990000,265.080000,0
20110701 034531120,265.000000,265.100000,0
20110701 034532150,265.010000,265.100000,0
20110701 034532840,265.010000,265.110000,0
20110701 034533900,265.020000,265.110000,0
20110701 034537997,265.010000,265.100000,0
20110701 034552447,265.010000,265.110000,0
20110701 034552793,265.020000,265.110000,0
20110701 034602760,265.030000,265.110000,0
20110701 034604120,265.050000,265.150000,0
20110701 034605853,265.060000,265.150000,0
20110701 034611683,265.050000,265.130000,0
20110701 034614433,265.000000,265.090000,0
20110701 034617527,265.000000,265.100000,0
20110701 034620620,265.010000,265.100000,0
20110701 034623027,265.020000,265.110000,0
20110701 035015747,264.980000,265.070000,0
20110701 035018183,264.970000,265.060000,0
20110701 035037387,264.940000,265.040000,0
20110701 035037747,264.940000,265.030000,0
20110701 035038793,264.930000,265.030000,0
20110701 035051870,264.890000,265.010000,0
20110701 035052183,264.890000,264.990000,0
20110701 035053213,264.900000,264.990000,0
20110701 035056667,264.880000,264.970000,0
20110701 035102150,264.860000,264.950000,0
20110701 035102497,264.860000,264.940000,0
20110701 035103183,264.840000,264.940000,0
20110701 035109713,264.870000,264.970000,0
20110701 035121073,264.840000,264.960000,0
20110701 035121417,264.840000,264.940000,0
20110701 035156840,264.840000,264.950000,0
20110701 035157167,264.840000,264.940000,0
20110701 035210557,264.830000,264.940000,0
20110701 035210900,264.830000,264.930000,0
20110701 035213650,264.810000,264.920000,0
20110701 035214683,264.790000,264.920000,0
20110701 035252167,264.790000,264.910000,0
20110701 035253167,264.800000,264.910000,0
20110701 035321387,264.820000,264.930000,0
20110701 035321730,264.830000,264.930000,0
20110701 035353010,264.840000,264.960000,0
20110701 035353353,264.850000,264.960000,0
20110701 035353697,264.860000,264.960000,0
20110701 035413603,264.860000,264.970000,0
20110701 035413963,264.870000,264.970000,0
20110701 035430480,264.900000,265.010000,0
20110701 035430807,264.870000,264.980000,0
20110701 035431150,264.870000,264.970000,0
20110701 035431840,264.840000,264.970000,0
20110701 035432183,264.850000,264.940000,0
20110701 035433900,264.870000,264.970000,0
20110701 035434590,264.850000,264.940000,0
20110701 035440807,264.870000,264.970000,0
20110701 035441137,264.850000,264.940000,0
20110701 035515840,264.840000,264.940000,0
20110701 035517557,264.840000,264.930000,0
20110701 035539900,264.800000,264.880000,0
20110701 035540247,264.790000,264.880000,0
20110701 035540590,264.780000,264.880000,0
20110701 035544400,264.810000,264.900000,0
20110701 035551933,264.810000,264.910000,0
20110701 035554683,264.830000,264.920000,0
20110701 035555027,264.830000,264.930000,0
20110701 035556057,264.830000,264.920000,0
20110701 035557090,264.820000,264.920000,0
20110701 035737807,264.830000,264.930000,0
20110701 035739527,264.840000,264.930000,0
20110701 035803590,264.850000,264.940000,0
20110701 035832120,264.850000,264.950000,0
20110701 035846213,264.850000,264.940000,0
20110701 040022480,264.870000,264.940000,0
20110701 040022840,264.850000,264.940000,0
20110701 040046543,264.840000,264.930000,0
20110701 040055120,264.860000,264.960000,0
20110701 040055497,264.860000,264.950000,0
20110701 040056870,264.850000,264.950000,0
20110701 040108887,264.860000,264.960000,0
20110701 040214197,264.850000,264.960000,0
20110701 040214543,264.840000,264.940000,0
20110701 040219713,264.810000,264.920000,0
20110701 040220043,264.800000,264.910000,0
20110701 040221073,264.790000,264.910000,0
20110701 040222793,264.770000,264.900000,0
20110701 040224510,264.760000,264.910000,0
20110701 040225870,264.780000,264.910000,0
20110701 040226213,264.790000,264.910000,0
20110701 040240307,264.760000,264.910000,0
20110701 040240980,264.740000,264.890000,0
20110701 040244073,264.730000,264.880000,0
20110701 040251307,264.740000,264.890000,0
20110701 040251683,264.720000,264.870000,0
20110701 040304027,264.740000,264.880000,0
20110701 040304400,264.740000,264.860000,0
20110701 040308510,264.750000,264.890000,0
20110701 040308853,264.760000,264.890000,0
20110701 040316747,264.700000,264.840000,0
20110701 040317090,264.700000,264.800000,0
20110701 040321557,264.750000,264.870000,0
20110701 040321900,264.760000,264.870000,0
20110701 040322247,264.770000,264.880000,0
20110701 040322933,264.700000,264.800000,0
20110701 040324307,264.700000,264.840000,0
20110701 040324667,264.770000,264.880000,0
20110701 040324997,264.700000,264.820000,0
20110701 040325340,264.700000,264.800000,0
20110701 040326027,264.710000,264.800000,0
20110701 040326370,264.760000,264.860000,0
20110701 040327747,264.760000,264.870000,0
20110701 040331887,264.700000,264.800000,0
20110701 040332900,264.700000,264.830000,0
20110701 040333247,264.760000,264.870000,0
20110701 040333590,264.770000,264.870000,0
20110701 040333933,264.750000,264.870000,0
20110701 040336353,264.740000,264.820000,0
20110701 040336683,264.690000,264.790000,0
20110701 040337730,264.700000,264.790000,0
20110701 040348400,264.690000,264.760000,0
20110701 040349073,264.690000,264.750000,0
20110701 040349400,264.700000,264.790000,0
20110701 040350447,264.690000,264.780000,0
20110701 040353213,264.690000,264.790000,0
20110701 040353900,264.710000,264.800000,0
20110701 040354917,264.700000,264.790000,0
20110701 040356307,264.710000,264.800000,0
20110701 040403150,264.720000,264.810000,0
20110701 040405247,264.710000,264.800000,0
20110701 040406603,264.720000,264.810000,0
20110701 040408683,264.710000,264.800000,0
20110701 040410400,264.720000,264.810000,0
20110701 040411073,264.700000,264.800000,0
20110701 040647823,264.700000,264.790000,0
20110701 040651947,264.740000,264.830000,0
20110701 040652293,264.700000,264.800000,0
20110701 040652650,264.700000,264.790000,0
20110701 040655713,264.670000,264.760000,0
20110701 040700527,264.700000,264.790000,0
20110701 040713933,264.710000,264.800000,0
20110701 041053963,264.750000,264.820000,0
20110701 041054277,264.710000,264.800000,0
20110701 041113557,264.710000,264.790000,0
20110701 041113900,264.710000,264.800000,0
20110701 041336557,264.700000,264.760000,0
20110701 041337590,264.710000,264.800000,0
20110701 041341697,264.710000,264.790000,0
20110701 041357527,264.710000,264.800000,0
20110701 041358887,264.710000,264.790000,0
20110701 041429103,264.710000,264.770000,0
20110701 041432557,264.710000,264.790000,0
20110701 041432917,264.700000,264.770000,0
20110701 041433590,264.700000,264.760000,0
20110701 041439463,264.700000,264.770000,0
20110701 041439777,264.710000,264.770000,0
20110701 041440120,264.710000,264.790000,0
20110701 041528933,264.710000,264.770000,0
20110701 041535137,264.710000,264.790000,0
20110701 041540603,264.720000,264.780000,0
20110701 041541307,264.720000,264.800000,0
20110701 041555747,264.720000,264.780000,0
20110701 041558497,264.720000,264.800000,0
20110701 041625997,264.720000,264.810000,0
20110701 041630840,264.720000,264.800000,0
20110701 041636683,264.720000,264.810000,0
20110701 041715150,264.720000,264.800000,0
20110701 041718277,264.720000,264.810000,0
20110701 041721010,264.720000,264.800000,0
20110701 041726167,264.720000,264.810000,0
20110701 041726853,264.720000,264.800000,0
20110701 041752277,264.720000,264.810000,0
20110701 041753307,264.720000,264.800000,0
20110701 041756073,264.720000,264.810000,0
20110701 041802260,264.720000,264.800000,0
20110701 041818760,264.720000,264.810000,0
20110701 041819433,264.720000,264.800000,0
20110701 041819777,264.720000,264.810000,0
20110701 041836603,264.730000,264.810000,0
20110701 041901370,264.780000,264.870000,0
20110701 041901713,264.800000,264.870000,0
20110701 041902777,264.800000,264.890000,0
20110701 041903793,264.800000,264.870000,0
20110701 041905150,264.770000,264.870000,0
20110701 041935417,264.770000,264.850000,0
20110701 041940900,264.770000,264.870000,0
20110701 042006697,264.770000,264.890000,0
20110701 042029387,264.770000,264.870000,0
20110701 042030747,264.770000,264.900000,0
20110701 042036573,264.770000,264.870000,0
20110701 042058603,264.770000,264.850000,0
20110701 042059307,264.770000,264.870000,0
20110701 042114433,264.760000,264.880000,0
20110701 042114730,264.760000,264.860000,0
20110701 042115447,264.750000,264.860000,0
20110701 042115793,264.750000,264.850000,0
20110701 042116497,264.750000,264.840000,0
20110701 042118527,264.750000,264.820000,0
20110701 042127120,264.750000,264.800000,0
20110701 042129183,264.750000,264.820000,0
20110701 042140213,264.750000,264.800000,0
20110701 042150150,264.750000,264.820000,0
20110701 042154603,264.700000,264.830000,0
20110701 042154963,264.700000,264.800000,0
20110701 042155637,264.710000,264.800000,0
20110701 042200463,264.750000,264.840000,0
20110701 042200807,264.760000,264.820000,0
20110701 042201497,264.750000,264.820000,0
20110701 042202853,264.740000,264.800000,0
20110701 042204230,264.760000,264.820000,0
20110701 042204590,264.770000,264.830000,0
20110701 042204947,264.780000,264.830000,0
20110701 042206997,264.770000,264.850000,0
20110701 042207340,264.770000,264.830000,0
20110701 042208400,264.770000,264.820000,0
20110701 042209073,264.780000,264.850000,0
20110701 042210463,264.770000,264.830000,0
20110701 042211120,264.780000,264.850000,0
20110701 042229697,264.780000,264.870000,0
20110701 042231400,264.780000,264.850000,0
20110701 042252370,264.780000,264.830000,0
20110701 042255120,264.780000,264.850000,0
20110701 042255463,264.790000,264.850000,0
20110701 042256137,264.790000,264.840000,0
20110701 042259933,264.790000,264.850000,0
20110701 042301667,264.790000,264.840000,0
20110701 042304090,264.790000,264.850000,0
20110701 042306480,264.790000,264.840000,0
20110701 042418433,264.770000,264.830000,0
20110701 042419340,264.770000,264.820000,0
20110701 042420353,264.780000,264.830000,0
20110701 042420713,264.780000,264.850000,0
20110701 042421043,264.760000,264.850000,0
20110701 042421400,264.760000,264.830000,0
20110701 042422433,264.760000,264.820000,0
20110701 042423463,264.760000,264.810000,0
20110701 042424150,264.760000,264.830000,0
20110701 042430697,264.760000,264.810000,0
20110701 042431010,264.760000,264.830000,0
20110701 042435183,264.760000,264.810000,0
20110701 042449963,264.760000,264.860000,0
20110701 042456137,264.760000,264.810000,0
20110701 042457183,264.750000,264.800000,0
20110701 042514010,264.760000,264.810000,0
20110701 042514713,264.750000,264.800000,0
20110701 042515043,264.760000,264.810000,0
20110701 042517103,264.750000,264.800000,0
20110701 042517433,264.760000,264.810000,0
20110701 042533573,264.750000,264.800000,0
20110701 042542887,264.760000,264.810000,0
20110701 042543230,264.750000,264.800000,0
20110701 042545277,264.760000,264.810000,0
20110701 042617230,264.760000,264.830000,0
20110701 042623447,264.760000,264.810000,0
20110701 042623793,264.760000,264.830000,0
20110701 042627917,264.760000,264.810000,0
20110701 042628947,264.760000,264.860000,0
20110701 042630997,264.770000,264.870000,0
20110701 042631340,264.790000,264.900000,0
20110701 042631683,264.800000,264.900000,0
20110701 042634433,264.790000,264.900000,0
20110701 042634793,264.770000,264.870000,0
20110701 042635463,264.770000,264.820000,0
20110701 042640603,264.770000,264.840000,0
20110701 042656417,264.770000,264.860000,0
20110701 042701590,264.770000,264.840000,0
20110701 042704683,264.770000,264.860000,0
20110701 042709150,264.770000,264.840000,0
20110701 042710870,264.770000,264.860000,0
20110701 042716353,264.770000,264.840000,0
20110701 042740103,264.770000,264.860000,0
20110701 042821010,264.770000,264.840000,0
20110701 042821713,264.770000,264.860000,0
20110701 042823400,264.770000,264.870000,0
20110701 042849167,264.770000,264.860000,0
20110701 042849557,264.770000,264.870000,0
20110701 042849900,264.770000,264.860000,0
20110701 042907417,264.740000,264.860000,0
20110701 042907760,264.740000,264.840000,0
20110701 042908807,264.750000,264.840000,0
20110701 043021650,264.750000,264.830000,0
20110701 043022340,264.750000,264.840000,0
20110701 043037103,264.740000,264.820000,0
20110701 043051933,264.750000,264.840000,0
20110701 043119400,264.750000,264.830000,0
20110701 043135213,264.750000,264.840000,0
20110701 043238103,264.750000,264.830000,0
20110701 043253933,264.750000,264.840000,0
20110701 043257697,264.750000,264.830000,0
20110701 043300137,264.750000,264.840000,0
20110701 043301870,264.750000,264.830000,0
20110701 043302213,264.750000,264.810000,0
20110701 043303887,264.750000,264.830000,0
20110701 043304260,264.750000,264.810000,0
20110701 043304573,264.750000,264.830000,0
20110701 043308747,264.750000,264.800000,0
20110701 043320777,264.750000,264.840000,0
20110701 043326620,264.750000,264.800000,0
20110701 043331433,264.750000,264.820000,0
20110701 043331760,264.750000,264.840000,0
20110701 043337590,264.750000,264.800000,0
20110701 043347213,264.750000,264.820000,0
20110701 043348933,264.750000,264.800000,0
20110701 043353433,264.750000,264.820000,0
20110701 043406840,264.750000,264.800000,0
20110701 043412307,264.750000,264.820000,0
20110701 043427463,264.750000,264.840000,0
20110701 043434323,264.750000,264.830000,0
20110701 043434683,264.750000,264.820000,0
20110701 043435697,264.750000,264.830000,0
20110701 043436370,264.750000,264.820000,0
20110701 043444980,264.750000,264.840000,0
20110701 043532433,264.800000,264.890000,0
20110701 043533433,264.790000,264.890000,0
20110701 043536183,264.770000,264.880000,0
20110701 043536543,264.770000,264.870000,0
20110701 043551340,264.770000,264.850000,0
20110701 043552697,264.770000,264.870000,0
20110701 043555463,264.770000,264.850000,0
20110701 043601307,264.770000,264.870000,0
20110701 043612963,264.770000,264.880000,0
20110701 043613323,264.820000,264.920000,0
20110701 043614027,264.830000,264.920000,0
20110701 043659353,264.850000,264.940000,0
20110701 043707997,264.850000,264.920000,0
20110701 043709353,264.850000,264.940000,0
20110701 043723463,264.830000,264.920000,0
20110701 043808793,264.780000,264.880000,0
20110701 043809183,264.780000,264.870000,0
20110701 044100353,264.800000,264.890000,0
20110701 044304807,264.800000,264.870000,0
20110701 044343620,264.800000,264.850000,0
20110701 044344323,264.800000,264.870000,0
20110701 044345340,264.800000,264.850000,0
20110701 044346370,264.800000,264.870000,0
20110701 044346713,264.800000,264.850000,0
20110701 044347400,264.800000,264.870000,0
20110701 044349463,264.800000,264.850000,0
20110701 044402870,264.790000,264.840000,0
20110701 044403557,264.800000,264.860000,0
20110701 044405637,264.800000,264.850000,0
20110701 044406323,264.790000,264.840000,0
20110701 044407697,264.800000,264.850000,0
20110701 044415933,264.790000,264.840000,0
20110701 044416637,264.800000,264.850000,0
20110701 044418353,264.790000,264.840000,0
20110701 044419370,264.800000,264.850000,0
20110701 044420777,264.790000,264.840000,0
20110701 044428997,264.800000,264.850000,0
20110701 044431730,264.800000,264.870000,0
20110701 044457167,264.800000,264.850000,0
20110701 044457870,264.800000,264.870000,0
20110701 044512307,264.800000,264.890000,0
20110701 044518400,264.800000,264.870000,0
20110701 044536387,264.790000,264.870000,0
20110701 044536747,264.770000,264.870000,0
20110701 044537090,264.770000,264.860000,0
20110701 044538447,264.770000,264.850000,0
20110701 044539480,264.770000,264.840000,0
20110701 044539807,264.770000,264.820000,0
20110701 044547730,264.760000,264.810000,0
20110701 044550447,264.750000,264.800000,0
20110701 044554260,264.760000,264.810000,0
20110701 044554620,264.750000,264.800000,0
20110701 044614197,264.760000,264.810000,0
20110701 044616230,264.750000,264.800000,0
20110701 044616603,264.760000,264.810000,0
20110701 044619683,264.750000,264.800000,0
20110701 044620353,264.760000,264.810000,0
20110701 044636183,264.770000,264.820000,0
20110701 044640323,264.770000,264.860000,0
20110701 044640667,264.690000,264.780000,0
20110701 044641353,264.690000,264.790000,0
20110701 044641713,264.750000,264.800000,0
20110701 044711590,264.750000,264.810000,0
20110701 044718463,264.760000,264.820000,0
20110701 044728120,264.760000,264.810000,0
20110701 044736027,264.760000,264.860000,0
20110701 044742557,264.760000,264.810000,0
20110701 044749417,264.760000,264.860000,0
20110701 044755590,264.760000,264.810000,0
20110701 044759027,264.760000,264.820000,0
20110701 044759353,264.760000,264.810000,0
20110701 044813807,264.760000,264.820000,0
20110701 044819683,264.760000,264.810000,0
20110701 044836167,264.750000,264.800000,0
20110701 044836527,264.760000,264.810000,0
20110701 044843057,264.750000,264.800000,0
20110701 044944917,264.680000,264.800000,0
20110701 044945247,264.680000,264.770000,0
20110701 044946603,264.680000,264.730000,0
20110701 044947650,264.670000,264.720000,0
20110701 045004853,264.620000,264.720000,0
20110701 045005197,264.640000,264.720000,0
20110701 045005557,264.640000,264.700000,0
20110701 045006213,264.650000,264.700000,0
20110701 045007603,264.640000,264.690000,0
20110701 045014823,264.630000,264.680000,0
20110701 045016870,264.640000,264.690000,0
20110701 045025463,264.650000,264.700000,0
20110701 045035463,264.640000,264.700000,0
20110701 045040963,264.640000,264.690000,0
20110701 045053340,264.640000,264.700000,0
20110701 045053667,264.640000,264.690000,0
20110701 045113947,264.630000,264.680000,0
20110701 045122900,264.640000,264.690000,0
20110701 045123573,264.630000,264.680000,0
20110701 045210683,264.590000,264.680000,0
20110701 045210997,264.640000,264.690000,0
20110701 045211353,264.630000,264.680000,0
20110701 045212027,264.620000,264.670000,0
20110701 045213400,264.610000,264.660000,0
20110701 045226447,264.630000,264.680000,0
20110701 045259437,264.580000,264.700000,0
20110701 045259777,264.570000,264.670000,0
20110701 045300810,264.550000,264.670000,0
20110701 045302527,264.550000,264.660000,0
20110701 045307687,264.560000,264.660000,0
20110701 045312497,264.550000,264.680000,0
20110701 045312840,264.550000,264.650000,0
20110701 045313527,264.550000,264.640000,0
20110701 045314560,264.550000,264.630000,0
20110701 045324527,264.550000,264.650000,0
20110701 045324873,264.550000,264.630000,0
20110701 045325217,264.550000,264.610000,0
20110701 045326937,264.570000,264.630000,0
20110701 045328997,264.550000,264.610000,0
20110701 045329340,264.550000,264.600000,0
20110701 045331437,264.500000,264.610000,0
20110701 045331747,264.500000,264.600000,0
20110701 045332437,264.500000,264.590000,0
20110701 045333467,264.500000,264.580000,0
20110701 045334497,264.500000,264.570000,0
20110701 045336560,264.500000,264.550000,0
20110701 045339997,264.500000,264.570000,0
20110701 045342403,264.500000,264.550000,0
20110701 045342763,264.500000,264.600000,0
20110701 045348623,264.500000,264.550000,0
20110701 045349637,264.500000,264.570000,0
20110701 045400637,264.500000,264.550000,0
20110701 045408560,264.500000,264.600000,0
20110701 045414373,264.500000,264.550000,0
20110701 045438467,264.500000,264.570000,0
20110701 045438793,264.500000,264.550000,0
20110701 045442233,264.540000,264.640000,0
20110701 045442577,264.590000,264.640000,0
20110701 045443590,264.600000,264.650000,0
20110701 045450467,264.580000,264.660000,0
20110701 045451497,264.580000,264.640000,0
20110701 045452527,264.580000,264.630000,0
20110701 045452873,264.630000,264.680000,0
20110701 045501137,264.620000,264.680000,0
20110701 045501467,264.560000,264.650000,0
20110701 045501810,264.530000,264.620000,0
20110701 045502153,264.510000,264.620000,0
20110701 045502873,264.500000,264.620000,0
20110701 045505590,264.520000,264.640000,0
20110701 045505937,264.530000,264.630000,0
20110701 045508340,264.540000,264.650000,0
20110701 045508687,264.550000,264.650000,0
20110701 045512827,264.520000,264.640000,0
20110701 045513153,264.520000,264.620000,0
20110701 045604373,264.540000,264.640000,0
20110701 045604717,264.550000,264.640000,0
20110701 045612310,264.500000,264.600000,0
20110701 045612653,264.550000,264.600000,0
20110701 045617810,264.550000,264.620000,0
20110701 045619527,264.550000,264.600000,0
20110701 045620217,264.550000,264.620000,0
20110701 045701793,264.550000,264.640000,0
20110701 045733090,264.550000,264.620000,0
20110701 045735810,264.550000,264.640000,0
20110701 045736153,264.550000,264.620000,0
20110701 045736527,264.550000,264.640000,0
20110701 045738577,264.550000,264.620000,0
20110701 045758873,264.550000,264.600000,0
20110701 045759200,264.550000,264.620000,0
20110701 045811560,264.550000,264.600000,0
20110701 045924467,264.550000,264.620000,0
20110701 045925810,264.550000,264.600000,0
20110701 045926170,264.550000,264.620000,0
20110701 045933387,264.550000,264.600000,0
20110701 045933733,264.550000,264.620000,0
20110701 045934763,264.550000,264.600000,0
20110701 045935467,264.550000,264.620000,0
20110701 045936827,264.550000,264.600000,0
20110701 045938873,264.550000,264.620000,0
20110701 045948187,264.550000,264.640000,0
20110701 045951950,264.550000,264.650000,0
20110701 050020840,264.580000,264.670000,0
20110701 050143653,264.550000,264.650000,0
20110701 050146420,264.550000,264.640000,0
20110701 050147107,264.580000,264.670000,0
20110701 050228340,264.610000,264.700000,0
20110701 050248983,264.580000,264.680000,0
20110701 050251373,264.580000,264.670000,0
20110701 050252420,264.610000,264.700000,0
20110701 050326777,264.650000,264.740000,0
20110701 050327497,264.660000,264.750000,0
20110701 050328497,264.650000,264.750000,0
20110701 050333653,264.600000,264.710000,0
20110701 050333997,264.600000,264.700000,0
20110701 050335373,264.610000,264.700000,0
20110701 050518840,264.630000,264.720000,0
20110701 050521623,264.630000,264.730000,0
20110701 050527467,264.630000,264.720000,0
20110701 050551873,264.610000,264.700000,0
20110701 050608340,264.630000,264.720000,0
20110701 050644123,264.620000,264.720000,0
20110701 050645467,264.620000,264.710000,0
20110701 050650623,264.610000,264.700000,0
20110701 050947340,264.620000,264.710000,0
20110701 051000733,264.630000,264.720000,0
20110701 051002777,264.620000,264.720000,0
20110701 051004513,264.620000,264.710000,0
20110701 051218560,264.620000,264.720000,0
20110701 051300187,264.630000,264.730000,0
20110701 051305997,264.610000,264.700000,0
20110701 051312187,264.630000,264.730000,0
20110701 051314247,264.660000,264.750000,0
20110701 051315637,264.650000,264.750000,0
20110701 051316653,264.600000,264.700000,0
20110701 051317687,264.610000,264.700000,0
20110701 051407873,264.630000,264.730000,0
20110701 051414437,264.610000,264.700000,0
20110701 051417527,264.630000,264.730000,0
20110701 051420950,264.610000,264.700000,0
20110701 051706983,264.600000,264.700000,0
20110701 051725873,264.630000,264.720000,0
20110701 051748217,264.600000,264.700000,0
20110701 051835327,264.610000,264.700000,0
20110701 051836687,264.630000,264.730000,0
20110701 051838733,264.650000,264.750000,0
20110701 051859027,264.630000,264.730000,0
20110701 051907950,264.660000,264.750000,0
20110701 051908637,264.650000,264.750000,0
20110701 051908997,264.670000,264.770000,0
20110701 051912437,264.700000,264.810000,0
20110701 051912777,264.710000,264.810000,0
20110701 051913810,264.680000,264.770000,0
20110701 051915873,264.650000,264.750000,0
20110701 051919653,264.680000,264.770000,0
20110701 051922420,264.670000,264.760000,0
20110701 051929967,264.650000,264.750000,0
20110701 052034937,264.670000,264.760000,0
20110701 052051450,264.650000,264.750000,0
20110701 052113793,264.630000,264.720000,0
20110701 052138187,264.650000,264.750000,0
20110701 052150217,264.640000,264.740000,0
20110701 052213277,264.640000,264.720000,0
20110701 052232827,264.650000,264.740000,0
20110701 052233187,264.670000,264.740000,0
20110701 052235577,264.640000,264.720000,0
20110701 052241777,264.640000,264.740000,0
20110701 052329217,264.640000,264.720000,0
20110701 052521637,264.650000,264.750000,0
20110701 052603200,264.680000,264.770000,0
20110701 052613200,264.670000,264.760000,0
20110701 052614200,264.690000,264.790000,0
20110701 052618687,264.690000,264.770000,0
20110701 052627637,264.680000,264.770000,0
20110701 052627983,264.650000,264.750000,0
20110701 052813857,264.580000,264.680000,0
20110701 052816277,264.630000,264.730000,0
20110701 052847903,264.610000,264.700000,0
20110701 052907137,264.600000,264.690000,0
20110701 052937027,264.610000,264.700000,0
20110701 052942873,264.600000,264.690000,0
20110701 052949060,264.590000,264.690000,0
20110701 052953873,264.600000,264.690000,0
20110701 052956950,264.590000,264.690000,0
20110701 053013123,264.600000,264.700000,0
20110701 053018950,264.590000,264.690000,0
20110701 053055077,264.590000,264.680000,0
20110701 053130810,264.590000,264.670000,0
20110701 053131137,264.520000,264.620000,0
20110701 053136653,264.500000,264.600000,0
20110701 053206903,264.490000,264.590000,0
20110701 053236810,264.530000,264.630000,0
20110701 053237153,264.550000,264.630000,0
20110701 053237497,264.550000,264.650000,0
20110701 053409653,264.540000,264.650000,0
20110701 053409997,264.500000,264.600000,0
20110701 053504967,264.540000,264.630000,0
20110701 053505340,264.570000,264.670000,0
20110701 053505687,264.550000,264.690000,0
20110701 053506340,264.550000,264.700000,0
20110701 053511483,264.550000,264.680000,0
20110701 053511857,264.550000,264.650000,0
20110701 053555497,264.520000,264.650000,0
20110701 053555840,264.520000,264.620000,0
20110701 053753403,264.500000,264.610000,0
20110701 053753763,264.500000,264.600000,0
20110701 053859747,264.530000,264.620000,0
20110701 053906623,264.510000,264.610000,0
20110701 053939967,264.540000,264.630000,0
20110701 053945827,264.510000,264.610000,0
20110701 054105247,264.540000,264.630000,0
20110701 054109373,264.510000,264.610000,0
20110701 054115560,264.540000,264.630000,0
20110701 054118637,264.520000,264.620000,0
20110701 054235310,264.530000,264.630000,0
20110701 054333060,264.590000,264.690000,0
20110701 054344733,264.530000,264.630000,0
20110701 054350560,264.570000,264.670000,0
20110701 054401590,264.580000,264.670000,0
20110701 054403653,264.570000,264.670000,0
20110701 054407403,264.570000,264.660000,0
20110701 054408450,264.560000,264.660000,0
20110701 054408793,264.520000,264.620000,0
20110701 054410187,264.550000,264.650000,0
20110701 054423247,264.500000,264.610000,0
20110701 054423577,264.500000,264.600000,0
20110701 054514123,264.490000,264.590000,0
20110701 054544027,264.500000,264.600000,0
20110701 054550217,264.490000,264.590000,0
20110701 054557060,264.500000,264.600000,0
20110701 054603247,264.490000,264.590000,0
20110701 054633513,264.490000,264.570000,0
20110701 054639013,264.490000,264.560000,0
20110701 054659653,264.490000,264.570000,0
20110701 054710983,264.500000,264.600000,0
20110701 054714763,264.540000,264.630000,0
20110701 054715107,264.550000,264.650000,0
20110701 054716483,264.520000,264.630000,0
20110701 054716840,264.520000,264.620000,0
20110701 054742590,264.540000,264.650000,0
20110701 054742967,264.550000,264.650000,0
20110701 054917483,264.520000,264.640000,0
20110701 054917827,264.520000,264.620000,0
20110701 054926777,264.540000,264.650000,0
20110701 054927123,264.550000,264.650000,0
20110701 055029340,264.550000,264.660000,0
20110701 055029687,264.570000,264.670000,0
20110701 055030373,264.580000,264.670000,0
20110701 055113373,264.560000,264.650000,0
20110701 055114357,264.550000,264.650000,0
20110701 055236527,264.530000,264.620000,0
20110701 055413437,264.550000,264.650000,0
20110701 055422403,264.530000,264.620000,0
20110701 055630247,264.540000,264.630000,0
20110701 055700840,264.530000,264.620000,0
20110701 055704983,264.530000,264.630000,0
20110701 055714590,264.540000,264.640000,0
20110701 055735217,264.530000,264.630000,0
20110701 055811327,264.530000,264.610000,0
20110701 055811653,264.520000,264.610000,0
20110701 055814403,264.500000,264.590000,0
20110701 055815437,264.490000,264.590000,0
20110701 055830233,264.510000,264.620000,0
20110701 055830560,264.520000,264.620000,0
20110701 055833653,264.490000,264.590000,0
20110701 055838123,264.470000,264.570000,0
20110701 055850187,264.490000,264.590000,0
20110701 060011653,264.490000,264.550000,0
20110701 060014747,264.490000,264.590000,0
20110701 060022653,264.400000,264.510000,0
20110701 060022983,264.400000,264.500000,0
20110701 060023687,264.460000,264.560000,0
20110701 060024027,264.490000,264.590000,0
20110701 060025403,264.480000,264.530000,0
20110701 060025747,264.460000,264.580000,0
20110701 060026777,264.450000,264.580000,0
20110701 060029873,264.450000,264.570000,0
20110701 060030200,264.400000,264.500000,0
20110701 060032590,264.390000,264.480000,0
20110701 060032967,264.370000,264.470000,0
20110701 060039497,264.370000,264.430000,0
20110701 060046717,264.370000,264.450000,0
20110701 060051513,264.370000,264.430000,0
20110701 060058403,264.360000,264.430000,0
20110701 060100467,264.360000,264.420000,0
20110701 060105607,264.370000,264.430000,0
20110701 060105967,264.370000,264.460000,0
20110701 060106637,264.370000,264.450000,0
20110701 060106997,264.380000,264.450000,0
20110701 060110437,264.340000,264.440000,0
20110701 060113873,264.340000,264.420000,0
20110701 060116277,264.340000,264.400000,0
20110701 060118340,264.340000,264.390000,0
20110701 060125543,264.350000,264.400000,0
20110701 060125903,264.340000,264.440000,0
20110701 060139310,264.350000,264.410000,0
20110701 060142043,264.350000,264.430000,0
20110701 060142387,264.350000,264.410000,0
20110701 060144123,264.380000,264.430000,0
20110701 060147873,264.380000,264.450000,0
20110701 060149277,264.380000,264.430000,0
20110701 060152717,264.380000,264.450000,0
20110701 060209560,264.380000,264.470000,0
20110701 060212277,264.380000,264.450000,0
20110701 060212653,264.400000,264.480000,0
20110701 060220200,264.400000,264.500000,0
20110701 060220543,264.380000,264.470000,0
20110701 060225700,264.400000,264.490000,0
20110701 060231183,264.400000,264.470000,0
20110701 060231527,264.380000,264.470000,0
20110701 060234653,264.400000,264.490000,0
20110701 060234980,264.370000,264.470000,0
20110701 060237717,264.350000,264.450000,0
20110701 060241857,264.380000,264.470000,0
20110701 060250433,264.400000,264.490000,0
20110701 060251120,264.400000,264.500000,0
20110701 060309717,264.400000,264.480000,0
20110701 060329980,264.400000,264.500000,0
20110701 060346137,264.400000,264.480000,0
20110701 060405403,264.400000,264.460000,0
20110701 060410217,264.400000,264.480000,0
20110701 060410903,264.400000,264.460000,0
20110701 060411247,264.400000,264.480000,0
20110701 060448370,264.400000,264.500000,0
20110701 060452120,264.400000,264.480000,0
20110701 060453527,264.400000,264.500000,0
20110701 060455933,264.400000,264.480000,0
20110701 060457620,264.400000,264.500000,0
20110701 060501387,264.400000,264.480000,0
20110701 060512747,264.400000,264.500000,0
20110701 060530293,264.410000,264.500000,0
20110701 060533403,264.460000,264.560000,0
20110701 060533747,264.480000,264.570000,0
20110701 060534433,264.460000,264.590000,0
20110701 060534760,264.470000,264.590000,0
20110701 060535463,264.460000,264.590000,0
20110701 060536137,264.460000,264.600000,0
20110701 060538870,264.460000,264.590000,0
20110701 060539573,264.460000,264.600000,0
20110701 060539917,264.460000,264.590000,0
20110701 060541307,264.460000,264.600000,0
20110701 060541653,264.460000,264.590000,0
20110701 060542683,264.460000,264.600000,0
20110701 060543027,264.460000,264.590000,0
20110701 060546120,264.460000,264.600000,0
20110701 060547153,264.450000,264.550000,0
20110701 060552620,264.440000,264.560000,0
20110701 060552963,264.410000,264.540000,0
20110701 060553650,264.400000,264.550000,0
20110701 060611213,264.390000,264.540000,0
20110701 060612247,264.400000,264.550000,0
20110701 060612573,264.420000,264.550000,0
20110701 060612900,264.450000,264.550000,0
20110701 060615307,264.450000,264.580000,0
20110701 060615650,264.470000,264.570000,0
20110701 060631497,264.450000,264.560000,0
20110701 060631807,264.450000,264.550000,0
20110701 060633900,264.480000,264.600000,0
20110701 060634230,264.500000,264.600000,0
20110701 060651777,264.500000,264.580000,0
20110701 060652463,264.500000,264.600000,0
20110701 060655213,264.500000,264.580000,0
20110701 060729933,264.500000,264.600000,0
20110701 060731277,264.500000,264.580000,0
20110701 060735747,264.500000,264.600000,0
20110701 060737823,264.500000,264.580000,0
20110701 060739900,264.500000,264.600000,0
20110701 060740213,264.500000,264.580000,0
20110701 060800870,264.500000,264.590000,0
20110701 060801213,264.450000,264.550000,0
20110701 060803587,264.450000,264.540000,0
20110701 060808400,264.450000,264.530000,0
20110701 060808743,264.460000,264.550000,0
20110701 060809103,264.470000,264.550000,0
20110701 060810120,264.470000,264.530000,0
20110701 060819743,264.470000,264.540000,0
20110701 060823183,264.470000,264.520000,0
20110701 060827337,264.470000,264.540000,0
20110701 060828683,264.470000,264.520000,0
20110701 060836587,264.500000,264.600000,0
20110701 060836933,264.530000,264.620000,0
20110701 060837963,264.540000,264.620000,0
20110701 060838307,264.520000,264.620000,0
20110701 060842087,264.510000,264.640000,0
20110701 060843370,264.510000,264.630000,0
20110701 060844853,264.530000,264.650000,0
20110701 060845197,264.550000,264.650000,0
20110701 060851400,264.550000,264.670000,0
20110701 060851743,264.550000,264.650000,0
20110701 060857587,264.520000,264.650000,0
20110701 060857917,264.520000,264.620000,0
20110701 060918870,264.550000,264.650000,0
20110701 060950493,264.550000,264.630000,0
20110701 060951883,264.550000,264.650000,0
20110701 060956027,264.550000,264.630000,0
20110701 061000493,264.550000,264.650000,0
20110701 061006650,264.550000,264.630000,0
20110701 061010103,264.520000,264.630000,0
20110701 061010463,264.520000,264.620000,0
20110701 061012510,264.520000,264.610000,0
20110701 061029353,264.550000,264.610000,0
20110701 061047930,264.550000,264.630000,0
20110701 061054103,264.550000,264.610000,0
20110701 061105773,264.530000,264.620000,0
20110701 061108510,264.530000,264.610000,0
20110701 061109587,264.530000,264.620000,0
20110701 061115430,264.530000,264.610000,0
20110701 061126773,264.530000,264.620000,0
20110701 061131213,264.500000,264.600000,0
20110701 061158023,264.560000,264.650000,0
20110701 061159057,264.570000,264.660000,0
20110701 061159400,264.560000,264.660000,0
20110701 061200430,264.550000,264.660000,0
20110701 061209367,264.550000,264.680000,0
20110701 061209713,264.550000,264.650000,0
20110701 061212117,264.550000,264.640000,0
20110701 061217963,264.550000,264.650000,0
20110701 061219680,264.560000,264.660000,0
20110701 061220023,264.570000,264.660000,0
20110701 061256493,264.570000,264.670000,0
20110701 061256837,264.570000,264.660000,0
20110701 061320540,264.550000,264.650000,0
20110701 061326743,264.550000,264.640000,0
20110701 061341867,264.550000,264.620000,0
20110701 061343243,264.550000,264.650000,0
20110701 061349430,264.550000,264.620000,0
20110701 061409023,264.550000,264.640000,0
20110701 061410057,264.550000,264.620000,0
20110701 061411430,264.550000,264.640000,0
20110701 061416227,264.550000,264.620000,0
20110701 061416553,264.550000,264.640000,0
20110701 061422087,264.550000,264.650000,0
20110701 061424493,264.550000,264.640000,0
20110701 061440273,264.550000,264.650000,0
20110701 061505383,264.570000,264.670000,0
20110701 061513993,264.590000,264.690000,0
20110701 061530100,264.570000,264.690000,0
20110701 061530460,264.570000,264.670000,0
20110701 061652960,264.590000,264.690000,0
20110701 061655367,264.610000,264.720000,0
20110701 061655710,264.620000,264.720000,0
20110701 061722880,264.610000,264.720000,0
20110701 061723240,264.590000,264.690000,0
20110701 061757927,264.580000,264.690000,0
20110701 061758273,264.580000,264.680000,0
20110701 062106317,264.650000,264.750000,0
20110701 062106647,264.580000,264.700000,0
20110701 062107020,264.660000,264.750000,0
20110701 062131427,264.630000,264.730000,0
20110701 062135507,264.640000,264.730000,0
20110701 062137943,264.630000,264.730000,0
20110701 062205787,264.640000,264.740000,0
20110701 062225740,264.620000,264.710000,0
20110701 062237050,264.640000,264.740000,0
20110701 062305270,264.610000,264.730000,0
20110701 062305957,264.650000,264.750000,0
20110701 062311800,264.610000,264.730000,0
20110701 062312147,264.660000,264.770000,0
20110701 062312490,264.670000,264.770000,0
20110701 062313160,264.660000,264.760000,0
20110701 062318363,264.620000,264.740000,0
20110701 062318660,264.640000,264.740000,0
20110701 062319707,264.620000,264.740000,0
20110701 062320037,264.630000,264.750000,0
20110701 062320363,264.640000,264.740000,0
20110701 062322113,264.630000,264.750000,0
20110701 062322457,264.620000,264.740000,0
20110701 062322800,264.640000,264.740000,0
20110701 062326237,264.640000,264.750000,0
20110701 062326583,264.640000,264.740000,0
20110701 062346847,264.640000,264.760000,0
20110701 062347207,264.660000,264.760000,0
20110701 062410927,264.640000,264.750000,0
20110701 062411237,264.660000,264.770000,0
20110701 062411583,264.670000,264.770000,0
20110701 062421893,264.660000,264.760000,0
20110701 062422957,264.640000,264.730000,0
20110701 062423300,264.660000,264.750000,0
20110701 062423957,264.650000,264.750000,0
20110701 062424300,264.630000,264.740000,0
20110701 062424660,264.660000,264.760000,0
20110701 062434630,264.660000,264.750000,0
20110701 062435643,264.650000,264.750000,0
20110701 062506613,264.650000,264.740000,0
20110701 062506927,264.680000,264.780000,0
20110701 062508643,264.690000,264.780000,0
20110701 062740957,264.690000,264.770000,0
20110701 062742673,264.690000,264.780000,0
20110701 063004643,264.700000,264.790000,0
20110701 063004987,264.730000,264.800000,0
20110701 063011517,264.710000,264.800000,0
20110701 063014237,264.720000,264.800000,0
20110701 063014923,264.730000,264.820000,0
20110701 063015267,264.720000,264.820000,0
20110701 063016643,264.730000,264.820000,0
20110701 063017330,264.710000,264.810000,0
20110701 063018033,264.730000,264.810000,0
20110701 063026627,264.720000,264.810000,0
20110701 063036267,264.710000,264.810000,0
20110701 063045877,264.730000,264.810000,0
20110701 063047267,264.710000,264.810000,0
20110701 063047953,264.720000,264.810000,0
20110701 063056203,264.750000,264.850000,0
20110701 063056533,264.780000,264.860000,0
20110701 063057220,264.740000,264.830000,0
20110701 063057547,264.770000,264.870000,0
20110701 063100673,264.740000,264.830000,0
20110701 063109610,264.740000,264.840000,0
20110701 063113377,264.740000,264.820000,0
20110701 063114767,264.740000,264.840000,0
20110701 063115453,264.740000,264.820000,0
20110701 063117157,264.740000,264.840000,0
20110701 063117860,264.740000,264.820000,0
20110701 063126110,264.740000,264.840000,0
20110701 063127830,264.740000,264.820000,0
20110701 063129190,264.740000,264.840000,0
20110701 063143267,264.720000,264.820000,0
20110701 063143627,264.800000,264.870000,0
20110701 063143970,264.750000,264.840000,0
20110701 063144657,264.790000,264.890000,0
20110701 063146033,264.780000,264.870000,0
20110701 063146393,264.820000,264.900000,0
20110701 063147423,264.800000,264.890000,0
20110701 063148767,264.800000,264.900000,0
20110701 063149143,264.780000,264.870000,0
20110701 063155640,264.770000,264.870000,0
20110701 063156703,264.750000,264.850000,0
20110701 063157033,264.770000,264.850000,0
20110701 063157377,264.780000,264.870000,0
20110701 063157737,264.750000,264.850000,0
20110701 063158080,264.770000,264.870000,0
20110701 063202533,264.780000,264.870000,0
20110701 063203907,264.800000,264.900000,0
20110701 063204937,264.800000,264.890000,0
20110701 063212517,264.780000,264.870000,0
20110701 063716733,264.770000,264.870000,0
20110701 063759657,264.750000,264.850000,0
20110701 064028857,264.790000,264.870000,0
20110701 064030577,264.810000,264.870000,0
20110701 064031607,264.820000,264.870000,0
20110701 064040200,264.800000,264.870000,0
20110701 064056373,264.820000,264.870000,0
20110701 064059450,264.800000,264.870000,0
20110701 064100153,264.800000,264.880000,0
20110701 064101513,264.810000,264.880000,0
20110701 064121107,264.800000,264.880000,0
20110701 064121450,264.800000,264.870000,0
20110701 064122137,264.780000,264.870000,0
20110701 064222293,264.840000,264.890000,0
20110701 064222637,264.850000,264.950000,0
20110701 064237420,264.880000,264.970000,0
20110701 064303217,264.900000,265.000000,0
20110701 064341357,264.880000,264.970000,0
20110701 064345137,264.860000,264.950000,0
20110701 064345840,264.840000,264.930000,0
20110701 064346183,264.820000,264.950000,0
20110701 064348917,264.840000,264.950000,0
20110701 064350637,264.820000,264.950000,0
20110701 064436700,264.840000,264.950000,0
20110701 064438107,264.820000,264.950000,0
20110701 064440857,264.840000,264.950000,0
20110701 064443573,264.820000,264.950000,0
20110701 064848323,264.850000,265.000000,0
20110701 064854527,264.870000,265.020000,0
20110701 064909637,264.850000,265.000000,0
20110701 064917917,264.870000,265.020000,0
20110701 064934727,264.850000,265.000000,0
20110701 064935087,264.820000,264.960000,0
20110701 064936447,264.830000,264.960000,0
20110701 064940260,264.830000,264.940000,0
20110701 065014603,264.840000,264.950000,0
20110701 065015633,264.840000,264.970000,0
20110701 065015977,264.860000,264.970000,0
20110701 065016323,264.870000,264.970000,0
20110701 065036260,264.870000,264.980000,0
20110701 065040383,264.870000,264.970000,0
20110701 065118197,264.880000,264.970000,0
20110701 065125447,264.900000,264.970000,0
20110701 065130587,264.880000,264.970000,0
20110701 065133697,265.020000,265.120000,0
20110701 065134040,265.010000,265.120000,0
20110701 065134367,265.010000,265.110000,0
20110701 065135070,265.010000,265.120000,0
20110701 065135417,265.020000,265.120000,0
20110701 065242447,265.010000,265.120000,0
20110701 065242757,265.010000,265.110000,0
20110701 065454430,265.010000,265.120000,0
20110701 065454773,265.010000,265.110000,0
20110701 065459930,265.020000,265.110000,0
20110701 065508850,265.050000,265.150000,0
20110701 065509197,265.050000,265.140000,0
20110701 065518507,265.040000,265.140000,0
20110701 065518820,265.040000,265.130000,0
20110701 065524680,265.050000,265.140000,0
20110701 065535697,265.080000,265.170000,0
20110701 065537743,265.070000,265.160000,0
20110701 065539820,265.080000,265.170000,0
20110701 065715710,265.080000,265.180000,0
20110701 065716053,265.090000,265.180000,0
20110701 065729117,265.100000,265.190000,0
20110701 065756600,265.090000,265.180000,0
20110701 065804850,265.100000,265.190000,0
20110701 065833037,265.090000,265.180000,0
20110701 065840600,265.100000,265.190000,0
20110701 065908787,265.090000,265.190000,0
20110701 065909130,265.090000,265.180000,0
20110701 065917067,265.100000,265.190000,0
20110701 065935617,265.090000,265.180000,0
20110701 065939067,265.130000,265.220000,0
20110701 065940083,265.100000,265.200000,0
20110701 065940443,265.100000,265.190000,0
20110701 065943163,265.100000,265.200000,0
20110701 065944193,265.090000,265.180000,0
20110701 065946977,265.080000,265.170000,0
20110701 065949020,265.090000,265.180000,0
20110701 065954177,265.100000,265.200000,0
20110701 070013413,265.100000,265.190000,0
20110701 070016880,265.100000,265.200000,0
20110701 070017210,265.130000,265.220000,0
20110701 070043317,265.120000,265.210000,0
20110701 070043677,265.130000,265.220000,0
20110701 070046083,265.120000,265.210000,0
20110701 070120457,265.130000,265.220000,0
20110701 070125617,265.180000,265.270000,0
20110701 070125943,265.190000,265.270000,0
20110701 070126973,265.190000,265.340000,0
20110701 070130100,265.240000,265.370000,0
20110701 070130787,265.270000,265.370000,0
20110701 070134223,265.250000,265.370000,0
20110701 070134537,265.250000,265.350000,0
20110701 070300847,265.260000,265.380000,0
20110701 070301160,265.340000,265.440000,0
20110701 070301537,265.360000,265.480000,0
20110701 070301863,265.410000,265.530000,0
20110701 070302193,265.420000,265.530000,0
20110701 070303223,265.430000,265.520000,0
20110701 070411987,265.440000,265.530000,0
20110701 070429537,265.430000,265.520000,0
20110701 070525550,265.510000,265.610000,0
20110701 070526910,265.500000,265.650000,0
20110701 070552347,265.570000,265.700000,0
20110701 070552690,265.600000,265.700000,0
20110701 070559910,265.580000,265.700000,0
20110701 070600253,265.580000,265.680000,0
20110701 070600597,265.590000,265.680000,0
20110701 070600927,265.560000,265.660000,0
20110701 070614003,265.550000,265.660000,0
20110701 070614347,265.550000,265.650000,0
20110701 070628783,265.540000,265.650000,0
20110701 070629190,265.540000,265.640000,0
20110701 070719660,265.540000,265.650000,0
20110701 070720003,265.550000,265.650000,0
20110701 070722753,265.540000,265.650000,0
20110701 070723097,265.510000,265.610000,0
20110701 070734817,265.590000,265.690000,0
20110701 070808503,265.580000,265.680000,0
20110701 070809533,265.570000,265.660000,0
20110701 070810550,265.550000,265.650000,0
20110701 070916877,265.530000,265.640000,0
20110701 070917220,265.530000,265.630000,0
20110701 070918597,265.540000,265.630000,0
20110701 070921347,265.560000,265.650000,0
20110701 070921690,265.620000,265.710000,0
20110701 070922377,265.580000,265.660000,0
20110701 070922737,265.560000,265.660000,0
20110701 070955753,265.580000,265.680000,0
20110701 071029097,265.610000,265.710000,0
20110701 071035597,265.610000,265.690000,0
20110701 071039407,265.610000,265.710000,0
20110701 071040440,265.610000,265.690000,0
20110701 071041097,265.610000,265.700000,0
20110701 071053143,265.610000,265.690000,0
20110701 071053470,265.610000,265.710000,0
20110701 071054860,265.630000,265.710000,0
20110701 071059347,265.610000,265.710000,0
20110701 071059690,265.620000,265.710000,0
20110701 071106877,265.610000,265.710000,0
20110701 071107237,265.620000,265.710000,0
20110701 071112063,265.570000,265.670000,0
20110701 071112377,265.630000,265.720000,0
20110701 071113080,265.520000,265.620000,0
20110701 071113407,265.620000,265.710000,0
20110701 071113750,265.610000,265.690000,0
20110701 071114127,265.620000,265.710000,0
20110701 071122347,265.610000,265.710000,0
20110701 071124063,265.610000,265.690000,0
20110701 071152627,265.520000,265.610000,0
20110701 071152970,265.570000,265.670000,0
20110701 071153313,265.590000,265.670000,0
20110701 071214283,265.530000,265.630000,0
20110701 071214627,265.590000,265.680000,0
20110701 071214970,265.600000,265.680000,0
20110701 071227330,265.540000,265.640000,0
20110701 071227657,265.590000,265.670000,0
20110701 071228377,265.590000,265.690000,0
20110701 071228720,265.590000,265.700000,0
20110701 071229033,265.600000,265.700000,0
20110701 071230437,265.600000,265.690000,0
20110701 071234187,265.570000,265.690000,0
20110701 071234533,265.570000,265.670000,0
20110701 071234877,265.580000,265.670000,0
20110701 071237970,265.590000,265.670000,0
20110701 071244847,265.540000,265.630000,0
20110701 071245187,265.540000,265.600000,0
20110701 071245877,265.380000,265.530000,0
20110701 071252407,265.340000,265.490000,0
20110701 071253813,265.330000,265.480000,0
20110701 071254157,265.320000,265.470000,0
20110701 071256547,265.310000,265.460000,0
20110701 071335737,265.400000,265.550000,0
20110701 071347437,265.390000,265.540000,0
20110701 071347767,265.380000,265.530000,0
20110701 071357390,265.400000,265.550000,0
20110701 071357750,265.430000,265.560000,0
20110701 071400110,265.430000,265.570000,0
20110701 071412843,265.440000,265.590000,0
20110701 071413187,265.450000,265.600000,0
20110701 071421110,265.450000,265.590000,0
20110701 071424877,265.440000,265.590000,0
20110701 071425237,265.430000,265.560000,0
20110701 071441377,265.420000,265.550000,0
20110701 071500627,265.430000,265.540000,0
20110701 071506843,265.430000,265.550000,0
20110701 071507187,265.430000,265.540000,0
20110701 071520563,265.410000,265.520000,0
20110701 071520907,265.410000,265.510000,0
20110701 071536390,265.400000,265.470000,0
20110701 071536733,265.350000,265.470000,0
20110701 071541877,265.350000,265.460000,0
20110701 071550140,265.350000,265.450000,0
20110701 071605267,265.340000,265.450000,0
20110701 071605593,265.340000,265.440000,0
20110701 071745657,265.340000,265.450000,0
20110701 071745983,265.350000,265.450000,0
20110701 071754920,265.340000,265.450000,0
20110701 071755250,265.340000,265.440000,0
20110701 071800060,265.360000,265.470000,0
20110701 071800407,265.370000,265.470000,0
20110701 071845123,265.350000,265.460000,0
20110701 071845467,265.350000,265.450000,0
20110701 071917077,265.370000,265.470000,0
20110701 071928060,265.350000,265.450000,0
20110701 072017233,265.300000,265.400000,0
20110701 072017593,265.250000,265.350000,0
20110701 072028903,265.290000,265.380000,0
20110701 072029247,265.300000,265.380000,0
20110701 072029593,265.300000,265.400000,0
20110701 072047123,265.290000,265.390000,0
20110701 072114623,265.280000,265.400000,0
20110701 072114967,265.230000,265.360000,0
20110701 072115310,265.220000,265.350000,0
20110701 072116373,265.210000,265.360000,0
20110701 072117357,265.200000,265.350000,0
20110701 072131810,265.220000,265.370000,0
20110701 072240560,265.230000,265.380000,0
20110701 072246747,265.240000,265.390000,0
20110701 072302577,265.240000,265.380000,0
20110701 072302903,265.230000,265.350000,0
20110701 072316997,265.210000,265.350000,0
20110701 072322857,265.220000,265.350000,0
20110701 072323183,265.230000,265.350000,0
20110701 072346590,265.240000,265.370000,0
20110701 072346933,265.250000,265.370000,0
20110701 072356183,265.250000,265.380000,0
20110701 072356543,265.260000,265.380000,0
20110701 072357217,265.270000,265.380000,0
20110701 072358590,265.270000,265.390000,0
20110701 072358933,265.290000,265.410000,0
20110701 072359967,265.300000,265.400000,0
20110701 072417870,265.300000,265.390000,0
20110701 072418200,265.290000,265.390000,0
20110701 072422997,265.300000,265.400000,0
20110701 072425403,265.290000,265.390000,0
20110701 072429560,265.260000,265.360000,0
20110701 072430903,265.270000,265.370000,0
20110701 072438810,265.290000,265.410000,0
20110701 072439153,265.320000,265.420000,0
20110701 072444310,265.300000,265.400000,0
20110701 072447777,265.270000,265.370000,0
20110701 072507357,265.280000,265.380000,0
20110701 072536917,265.260000,265.360000,0
20110701 072543090,265.260000,265.370000,0
20110701 072543340,265.270000,265.370000,0
20110701 072618870,265.270000,265.380000,0
20110701 072619200,265.280000,265.380000,0
20110701 072653557,265.260000,265.360000,0
20110701 072654933,265.260000,265.370000,0
20110701 072655277,265.270000,265.370000,0
20110701 072731370,265.280000,265.380000,0
20110701 072805433,265.260000,265.360000,0
20110701 072807120,265.270000,265.370000,0
20110701 072841183,265.260000,265.360000,0
20110701 072842887,265.260000,265.370000,0
20110701 072843230,265.270000,265.370000,0
20110701 072913103,265.260000,265.360000,0
20110701 072918963,265.260000,265.370000,0
20110701 072919307,265.270000,265.370000,0
20110701 072930323,265.260000,265.360000,0
20110701 072938243,265.250000,265.340000,0
20110701 072948887,265.240000,265.330000,0
20110701 072955057,265.250000,265.340000,0
20110701 073029087,265.240000,265.330000,0
20110701 073031150,265.250000,265.340000,0
20110701 073105540,265.240000,265.330000,0
20110701 073106900,265.250000,265.340000,0
20110701 073141277,265.240000,265.330000,0
20110701 073142993,265.250000,265.340000,0
20110701 073150557,265.240000,265.330000,0
20110701 073155713,265.230000,265.320000,0
20110701 073201213,265.210000,265.300000,0
20110701 073202243,265.200000,265.300000,0
20110701 073210150,265.220000,265.320000,0
20110701 073244867,265.210000,265.320000,0
20110701 073245213,265.210000,265.310000,0
20110701 073246243,265.220000,265.310000,0
20110701 073315167,265.230000,265.320000,0
20110701 073320963,265.220000,265.310000,0
20110701 073351587,265.230000,265.320000,0
20110701 073357070,265.220000,265.310000,0
20110701 073426960,265.230000,265.320000,0
20110701 073433150,265.220000,265.310000,0
20110701 073434523,265.200000,265.290000,0
20110701 073435210,265.190000,265.290000,0
20110701 073440023,265.210000,265.310000,0
20110701 073503057,265.220000,265.320000,0
20110701 073509243,265.220000,265.310000,0
20110701 073509587,265.210000,265.310000,0
20110701 073509930,265.220000,265.310000,0
20110701 073538807,265.230000,265.320000,0
20110701 073539147,265.240000,265.340000,0
20110701 073545007,265.230000,265.340000,0
20110701 073545350,265.230000,265.330000,0
20110701 073604600,265.200000,265.310000,0
20110701 073613180,265.160000,265.300000,0
20110701 073613507,265.190000,265.310000,0
20110701 073613867,265.200000,265.310000,0
20110701 073614897,265.200000,265.330000,0
20110701 073620757,265.120000,265.250000,0
20110701 073621117,265.120000,265.220000,0
20110701 073624163,265.100000,265.200000,0
20110701 073625570,265.110000,265.200000,0
20110701 073643430,265.100000,265.200000,0
20110701 073645180,265.070000,265.150000,0
20110701 073645837,265.000000,265.150000,0
20110701 073646180,264.980000,265.130000,0
20110701 073650993,264.970000,265.120000,0
20110701 073651680,265.010000,265.140000,0
20110701 073652023,265.040000,265.140000,0
20110701 073659240,265.040000,265.160000,0
20110701 073659587,265.090000,265.190000,0
20110701 073702337,265.050000,265.150000,0
20110701 073702680,265.050000,265.140000,0
20110701 073703367,265.040000,265.140000,0
20110701 073712303,265.060000,265.170000,0
20110701 073712647,265.060000,265.160000,0
20110701 073724680,265.040000,265.140000,0
20110701 073727087,265.030000,265.140000,0
20110701 073727460,265.030000,265.130000,0
20110701 073802867,265.020000,265.130000,0
20110701 073803210,265.020000,265.120000,0
20110701 073809053,264.980000,265.090000,0
20110701 073810070,264.960000,265.080000,0
20110701 073810397,264.950000,265.090000,0
20110701 073826553,264.950000,265.040000,0
20110701 073826897,264.920000,265.020000,0
20110701 073829303,264.910000,265.010000,0
20110701 073835837,264.900000,265.010000,0
20110701 073836163,264.900000,265.000000,0
20110701 073838927,264.890000,264.990000,0
20110701 073915023,264.890000,264.980000,0
20110701 073918147,264.900000,265.000000,0
20110701 073927427,264.880000,264.970000,0
20110701 073930833,264.900000,265.000000,0
20110701 073937710,264.880000,264.970000,0
20110701 073950083,264.830000,264.930000,0
20110701 073950427,264.830000,264.900000,0
20110701 073950773,264.810000,264.900000,0
20110701 073952177,264.800000,264.900000,0
20110701 074046803,264.840000,264.950000,0
20110701 074047147,264.850000,264.950000,0
20110701 074112270,264.850000,264.940000,0
20110701 074133223,264.850000,264.950000,0
20110701 074451550,264.830000,264.920000,0
20110701 074503927,264.780000,264.850000,0
20110701 074504270,264.700000,264.790000,0
20110701 074504613,264.690000,264.790000,0
20110701 074505647,264.700000,264.790000,0
20110701 074507347,264.750000,264.830000,0
20110701 074508397,264.750000,264.850000,0
20110701 074533487,264.770000,264.880000,0
20110701 074533833,264.770000,264.870000,0
20110701 074548630,264.750000,264.860000,0
20110701 074548987,264.750000,264.850000,0
20110701 074558237,264.680000,264.770000,0
20110701 074602363,264.750000,264.850000,0
20110701 074603393,264.750000,264.840000,0
20110701 074603737,264.750000,264.850000,0
20110701 074650520,264.740000,264.830000,0
20110701 074718330,264.730000,264.830000,0
20110701 074840830,264.720000,264.830000,0
20110701 074841173,264.720000,264.820000,0
20110701 074901830,264.700000,264.810000,0
20110701 074902160,264.700000,264.800000,0
20110701 074903207,264.650000,264.770000,0
20110701 074903533,264.650000,264.750000,0
20110701 074904580,264.650000,264.760000,0
20110701 074904923,264.660000,264.760000,0
20110701 074910737,264.690000,264.800000,0
20110701 074911080,264.700000,264.800000,0
20110701 074919330,264.670000,264.760000,0
20110701 074919673,264.660000,264.760000,0
20110701 074927580,264.690000,264.800000,0
20110701 074927923,264.720000,264.830000,0
20110701 074928267,264.730000,264.820000,0
20110701 074930347,264.720000,264.820000,0
20110701 075026737,264.700000,264.800000,0
20110701 075027080,264.680000,264.790000,0
20110701 075027767,264.670000,264.800000,0
20110701 075037360,264.720000,264.820000,0
20110701 075159860,264.730000,264.830000,0
20110701 075500000,264.680000,264.790000,0
20110701 075500327,264.680000,264.780000,0
20110701 075501360,264.730000,264.820000,0
20110701 075503423,264.730000,264.810000,0
20110701 075504453,264.730000,264.800000,0
20110701 075508577,264.710000,264.800000,0
20110701 075512017,264.730000,264.820000,0
20110701 075514797,264.710000,264.800000,0
20110701 075551547,264.730000,264.820000,0
20110701 075602890,264.800000,264.890000,0
20110701 075603220,264.730000,264.830000,0
20110701 075603577,264.730000,264.820000,0
20110701 075604627,264.760000,264.850000,0
20110701 075604983,264.750000,264.850000,0
20110701 075612860,264.750000,264.860000,0
20110701 075613203,264.800000,264.900000,0
20110701 075647920,264.790000,264.890000,0
20110701 075703733,264.800000,264.890000,0
20110701 075704077,264.800000,264.900000,0
20110701 075736733,264.790000,264.880000,0
20110701 075751857,264.750000,264.840000,0
20110701 075752203,264.740000,264.840000,0
20110701 075800453,264.790000,264.880000,0
20110701 075827607,264.730000,264.820000,0
20110701 075832077,264.760000,264.860000,0
20110701 075836907,264.790000,264.880000,0
20110701 075855797,264.780000,264.880000,0
20110701 075906827,264.840000,264.930000,0
20110701 075936013,264.890000,264.980000,0
20110701 075936357,264.840000,264.930000,0
20110701 075939780,264.890000,264.980000,0
20110701 075953890,264.860000,264.950000,0
20110701 075954577,264.850000,264.950000,0
20110701 080005247,264.870000,264.970000,0
20110701 080143543,264.870000,264.940000,0
20110701 080143887,264.850000,264.950000,0
20110701 080203483,264.850000,264.940000,0
20110701 080205887,264.810000,264.920000,0
20110701 080206233,264.810000,264.910000,0
20110701 080310873,264.810000,264.870000,0
20110701 080316387,264.770000,264.870000,0
20110701 080337670,264.770000,264.880000,0
20110701 080338013,264.780000,264.880000,0
20110701 080625090,264.780000,264.890000,0
20110701 080625417,264.800000,264.900000,0
20110701 080626450,264.810000,264.910000,0
20110701 080626793,264.800000,264.910000,0
20110701 080638167,264.800000,264.890000,0
20110701 080719760,264.800000,264.910000,0
20110701 080828167,264.800000,264.890000,0
20110701 080849480,264.800000,264.910000,0
20110701 080851543,264.800000,264.890000,0
20110701 080853447,264.800000,264.910000,0
20110701 080853573,264.800000,264.890000,0
20110701 080853947,264.800000,264.910000,0
20110701 080854277,264.800000,264.890000,0
20110701 080914917,264.800000,264.870000,0
20110701 080916260,264.800000,264.890000,0
20110701 080921447,264.800000,264.870000,0
20110701 080932790,264.800000,264.890000,0
20110701 080940697,264.800000,264.870000,0
20110701 080946197,264.800000,264.890000,0
20110701 081013683,264.800000,264.950000,0
20110701 081019540,264.800000,264.890000,0
20110701 081041167,264.800000,264.910000,0
20110701 081131040,264.800000,264.930000,0
20110701 081143727,264.800000,264.910000,0
20110701 081204010,264.800000,264.930000,0
20110701 081220853,264.800000,264.910000,0
20110701 081308290,264.800000,264.930000,0
20110701 081308977,264.800000,264.910000,0
20110701 081311760,264.800000,264.930000,0
20110701 081334430,264.830000,264.940000,0
20110701 081334790,264.850000,264.950000,0
20110701 081354010,264.850000,264.980000,0
20110701 081354383,264.870000,264.970000,0
20110701 081411213,264.860000,264.960000,0
20110701 081411570,264.840000,264.950000,0
20110701 081432507,264.840000,264.960000,0
20110701 081432853,264.870000,264.970000,0
20110701 081439743,264.860000,264.970000,0
20110701 081440070,264.860000,264.960000,0
20110701 081500023,264.860000,264.940000,0
20110701 081501070,264.860000,264.960000,0
20110701 081502447,264.860000,264.940000,0
20110701 081509650,264.860000,264.950000,0
20110701 081510007,264.870000,264.960000,0
20110701 081510680,264.880000,264.960000,0
20110701 081514820,264.880000,264.970000,0
20110701 081516180,264.860000,264.960000,0
20110701 081531977,264.850000,264.950000,0
20110701 081546070,264.870000,264.960000,0
20110701 081547447,264.870000,264.950000,0
20110701 081608100,264.870000,264.960000,0
20110701 081614617,264.870000,264.950000,0
20110701 081617040,264.870000,264.960000,0
20110701 081617383,264.870000,264.950000,0
20110701 081620803,264.870000,264.960000,0
20110701 081622180,264.870000,264.950000,0
20110701 081627007,264.870000,264.960000,0
20110701 081633197,264.870000,264.950000,0
20110701 081636257,264.740000,264.830000,0
20110701 081636600,264.800000,264.900000,0
20110701 081637290,264.820000,264.910000,0
20110701 081637647,264.800000,264.910000,0
20110701 081650680,264.800000,264.950000,0
20110701 081651040,264.800000,264.850000,0
20110701 081651383,264.750000,264.850000,0
20110701 081654820,264.790000,264.890000,0
20110701 081655163,264.800000,264.890000,0
20110701 081656540,264.820000,264.910000,0
20110701 081656883,264.800000,264.910000,0
20110701 081700350,264.750000,264.880000,0
20110701 081700680,264.750000,264.850000,0
20110701 081745007,264.750000,264.860000,0
20110701 081745337,264.750000,264.850000,0
20110701 081747787,264.750000,264.860000,0
20110701 081748117,264.800000,264.870000,0
20110701 081748787,264.800000,264.890000,0
20110701 081749147,264.810000,264.900000,0
20110701 081749477,264.750000,264.880000,0
20110701 081749820,264.750000,264.850000,0
20110701 081800133,264.860000,264.960000,0
20110701 081800477,264.870000,264.960000,0
20110701 081800837,264.870000,264.920000,0
20110701 081804257,264.870000,264.970000,0
20110701 081804600,264.750000,264.850000,0
20110701 081811133,264.800000,264.880000,0
20110701 081812537,264.800000,264.930000,0
20110701 081814913,264.800000,264.910000,0
20110701 081815257,264.800000,264.930000,0
20110701 081817007,264.800000,264.910000,0
20110701 081834867,264.800000,264.930000,0
20110701 081838633,264.800000,264.900000,0
20110701 081847240,264.790000,264.900000,0
20110701 081847570,264.790000,264.890000,0
20110701 081852383,264.800000,264.920000,0
20110701 081852727,264.810000,264.910000,0
20110701 081857553,264.810000,264.890000,0
20110701 081904413,264.810000,264.900000,0
20110701 081904757,264.810000,264.910000,0
20110701 081907193,264.810000,264.900000,0
20110701 081918537,264.810000,264.910000,0
20110701 081921600,264.810000,264.900000,0
20110701 081939130,264.810000,264.910000,0
20110701 081941537,264.810000,264.900000,0
20110701 081949443,264.810000,264.910000,0
20110701 081951193,264.810000,264.900000,0
20110701 082001147,264.810000,264.880000,0
20110701 082011477,264.790000,264.880000,0
20110701 082013537,264.790000,264.860000,0
20110701 082014537,264.790000,264.850000,0
20110701 082024880,264.790000,264.840000,0
20110701 082025913,264.790000,264.850000,0
20110701 082034460,264.770000,264.860000,0
20110701 082036567,264.770000,264.840000,0
20110701 082037943,264.770000,264.860000,0
20110701 082038630,264.770000,264.840000,0
20110701 082039317,264.770000,264.860000,0
20110701 082052007,264.770000,264.840000,0
20110701 082052727,264.770000,264.860000,0
20110701 082108193,264.770000,264.840000,0
20110701 082108880,264.770000,264.860000,0
20110701 082109227,264.770000,264.840000,0
20110701 082112977,264.770000,264.860000,0
20110701 082117100,264.770000,264.840000,0
20110701 082118507,264.770000,264.860000,0
20110701 082119193,264.770000,264.840000,0
20110701 082119520,264.770000,264.860000,0
20110701 082137067,264.770000,264.870000,0
20110701 082140507,264.770000,264.860000,0
20110701 082145630,264.790000,264.880000,0
20110701 082145990,264.800000,264.880000,0
20110701 082149770,264.800000,264.900000,0
20110701 082155617,264.800000,264.880000,0
20110701 082211053,264.800000,264.860000,0
20110701 082213130,264.780000,264.870000,0
20110701 082213457,264.770000,264.870000,0
20110701 082215567,264.770000,264.860000,0
20110701 082226177,264.770000,264.840000,0
20110701 082230677,264.770000,264.860000,0
20110701 082231367,264.770000,264.840000,0
20110701 082231677,264.770000,264.860000,0
20110701 082233443,264.770000,264.840000,0
20110701 082236193,264.770000,264.860000,0
20110701 082237193,264.770000,264.840000,0
20110701 082237880,264.770000,264.860000,0
20110701 082242350,264.770000,264.840000,0
20110701 082242693,264.770000,264.860000,0
20110701 082245100,264.770000,264.840000,0
20110701 082259223,264.770000,264.860000,0
20110701 082302317,264.770000,264.840000,0
20110701 082306410,264.770000,264.860000,0
20110701 082306757,264.770000,264.840000,0
20110701 082310193,264.770000,264.860000,0
20110701 082324707,264.770000,264.840000,0
20110701 082328317,264.770000,264.860000,0
20110701 082328410,264.770000,264.840000,0
20110701 082348350,264.750000,264.850000,0
20110701 082349363,264.750000,264.840000,0
20110701 082350427,264.750000,264.830000,0
20110701 082405223,264.750000,264.810000,0
20110701 082405567,264.730000,264.820000,0
20110701 082407630,264.730000,264.800000,0
20110701 082408303,264.730000,264.790000,0
20110701 082425130,264.730000,264.780000,0
20110701 082425817,264.730000,264.790000,0
20110701 082426147,264.730000,264.780000,0
20110701 082429270,264.730000,264.810000,0
20110701 082429630,264.730000,264.790000,0
20110701 082430317,264.730000,264.810000,0
