20110201 000015000,273.120000,273.270000,0
20110201 002216000,273.130000,273.280000,0
20110201 002217000,273.120000,273.270000,0
20110201 002218000,273.130000,273.280000,0
20110201 002220000,273.120000,273.270000,0
20110201 002225000,273.130000,273.280000,0
20110201 002226000,273.120000,273.270000,0
20110201 002226000,273.130000,273.280000,0
20110201 002228000,273.120000,273.270000,0
20110201 002229000,273.130000,273.280000,0
20110201 002230000,273.120000,273.270000,0
20110201 003037000,273.130000,273.280000,0
20110201 003038000,273.120000,273.270000,0
20110201 003038000,273.130000,273.280000,0
20110201 003041000,273.120000,273.270000,0
20110201 005041000,273.140000,273.290000,0
20110201 005042000,273.120000,273.270000,0
20110201 005043000,273.110000,273.260000,0
20110201 005044000,273.100000,273.250000,0
20110201 010018000,273.120000,273.270000,0
20110201 011355000,273.070000,273.220000,0
20110201 012108000,273.120000,273.270000,0
20110201 012442000,273.090000,273.240000,0
20110201 012443000,273.120000,273.270000,0
20110201 012444000,273.070000,273.220000,0
20110201 013206000,273.060000,273.210000,0
20110201 013207000,273.070000,273.220000,0
20110201 013236000,273.060000,273.210000,0
20110201 013237000,273.070000,273.220000,0
20110201 013253000,273.060000,273.210000,0
20110201 013253000,273.070000,273.220000,0
20110201 013254000,273.060000,273.210000,0
20110201 013254000,273.070000,273.220000,0
20110201 013646000,273.080000,273.230000,0
20110201 014905000,273.050000,273.200000,0
20110201 014910000,273.030000,273.180000,0
20110201 014923000,272.900000,273.050000,0
20110201 015059000,272.800000,272.950000,0
20110201 015125000,272.820000,272.970000,0
20110201 015143000,272.800000,272.950000,0
20110201 015204000,272.700000,272.850000,0
20110201 015211000,272.650000,272.800000,0
20110201 015220000,272.700000,272.850000,0
20110201 015221000,272.630000,272.780000,0
20110201 015551000,272.600000,272.750000,0
20110201 015558000,272.590000,272.740000,0
20110201 015559000,272.600000,272.750000,0
20110201 015609000,272.590000,272.740000,0
20110201 020322000,272.580000,272.730000,0
20110201 021011000,272.480000,272.630000,0
20110201 021011000,272.500000,272.650000,0
20110201 021013000,272.480000,272.630000,0
20110201 021020000,272.490000,272.640000,0
20110201 021055000,272.460000,272.610000,0
20110201 021056000,272.450000,272.600000,0
20110201 021129000,272.470000,272.620000,0
20110201 021137000,272.430000,272.580000,0
20110201 021154000,272.440000,272.590000,0
20110201 021408000,272.430000,272.580000,0
20110201 021708000,272.310000,272.460000,0
20110201 021708000,272.300000,272.450000,0
20110201 021711000,272.350000,272.500000,0
20110201 021716000,272.310000,272.460000,0
20110201 021716000,272.280000,272.430000,0
20110201 021716000,272.290000,272.440000,0
20110201 021718000,272.300000,272.450000,0
20110201 021719000,272.310000,272.460000,0
20110201 021734000,272.260000,272.410000,0
20110201 021734000,272.250000,272.400000,0
20110201 021750000,272.260000,272.410000,0
20110201 021934000,272.310000,272.460000,0
20110201 022143000,272.400000,272.550000,0
20110201 022144000,272.460000,272.610000,0
20110201 022157000,272.440000,272.590000,0
20110201 022159000,272.450000,272.600000,0
20110201 022255000,272.430000,272.580000,0
20110201 022325000,272.420000,272.570000,0
20110201 022349000,272.410000,272.560000,0
20110201 022354000,272.420000,272.570000,0
20110201 022356000,272.410000,272.560000,0
20110201 022359000,272.420000,272.570000,0
20110201 022359000,272.410000,272.560000,0
20110201 022400000,272.420000,272.570000,0
20110201 022402000,272.410000,272.560000,0
20110201 022408000,272.380000,272.530000,0
20110201 022420000,272.360000,272.510000,0
20110201 022420000,272.350000,272.500000,0
20110201 022444000,272.340000,272.490000,0
20110201 022445000,272.310000,272.460000,0
20110201 022504000,272.320000,272.470000,0
20110201 022609000,272.350000,272.500000,0
20110201 022619000,272.380000,272.530000,0
20110201 022625000,272.350000,272.500000,0
20110201 022630000,272.370000,272.520000,0
20110201 022631000,272.380000,272.530000,0
20110201 022633000,272.400000,272.550000,0
20110201 022641000,272.410000,272.560000,0
20110201 022655000,272.430000,272.580000,0
20110201 022655000,272.400000,272.550000,0
20110201 022703000,272.350000,272.500000,0
20110201 022704000,272.380000,272.530000,0
20110201 022712000,272.350000,272.500000,0
20110201 022712000,272.320000,272.470000,0
20110201 022714000,272.250000,272.400000,0
20110201 022716000,272.260000,272.410000,0
20110201 022727000,272.320000,272.470000,0
20110201 022735000,272.310000,272.460000,0
20110201 022749000,272.290000,272.440000,0
20110201 022756000,272.280000,272.430000,0
20110201 022801000,272.230000,272.380000,0
20110201 022821000,272.200000,272.350000,0
20110201 022825000,272.170000,272.320000,0
20110201 022825000,272.150000,272.300000,0
20110201 022856000,272.100000,272.250000,0
20110201 022901000,272.080000,272.230000,0
20110201 022910000,272.130000,272.280000,0
20110201 022910000,272.100000,272.250000,0
20110201 022913000,272.080000,272.230000,0
20110201 022914000,272.090000,272.240000,0
20110201 022918000,272.060000,272.210000,0
20110201 022921000,272.040000,272.190000,0
20110201 022922000,272.030000,272.180000,0
20110201 023020000,272.050000,272.200000,0
20110201 023227000,272.030000,272.180000,0
20110201 023251000,272.050000,272.200000,0
20110201 023323000,272.040000,272.190000,0
20110201 023324000,272.050000,272.200000,0
20110201 023326000,272.030000,272.180000,0
20110201 023327000,272.020000,272.170000,0
20110201 023332000,272.030000,272.180000,0
20110201 023332000,272.020000,272.170000,0
20110201 023335000,272.030000,272.180000,0
20110201 023338000,272.020000,272.170000,0
20110201 023340000,272.030000,272.180000,0
20110201 023413000,272.020000,272.170000,0
20110201 023418000,272.010000,272.160000,0
20110201 023418000,272.000000,272.150000,0
20110201 023429000,272.010000,272.160000,0
20110201 023429000,271.980000,272.130000,0
20110201 023542000,271.970000,272.120000,0
20110201 023543000,271.980000,272.130000,0
20110201 023544000,271.880000,272.030000,0
20110201 023544000,271.930000,272.080000,0
20110201 023545000,271.920000,272.070000,0
20110201 023546000,271.910000,272.060000,0
20110201 023557000,271.920000,272.070000,0
20110201 023605000,271.910000,272.060000,0
20110201 023608000,271.920000,272.070000,0
20110201 023613000,271.930000,272.080000,0
20110201 023614000,271.920000,272.070000,0
20110201 023624000,271.930000,272.080000,0
20110201 023632000,271.920000,272.070000,0
20110201 023657000,271.910000,272.060000,0
20110201 023718000,271.980000,272.130000,0
20110201 023718000,271.990000,272.140000,0
20110201 023718000,271.980000,272.130000,0
20110201 023721000,271.970000,272.120000,0
20110201 023728000,271.890000,272.040000,0
20110201 023728000,271.990000,272.140000,0
20110201 023729000,271.910000,272.060000,0
20110201 023730000,271.900000,272.050000,0
20110201 023731000,271.880000,272.030000,0
20110201 023735000,271.870000,272.020000,0
20110201 023738000,271.860000,272.010000,0
20110201 023816000,271.870000,272.020000,0
20110201 023828000,271.880000,272.030000,0
20110201 023831000,271.920000,272.070000,0
20110201 023835000,271.950000,272.100000,0
20110201 023845000,271.940000,272.090000,0
20110201 023848000,271.950000,272.100000,0
20110201 023848000,271.960000,272.110000,0
20110201 023855000,271.970000,272.120000,0
20110201 023855000,271.960000,272.110000,0
20110201 023855000,271.970000,272.120000,0
20110201 023858000,271.960000,272.110000,0
20110201 023912000,271.970000,272.120000,0
20110201 023913000,271.960000,272.110000,0
20110201 023919000,271.950000,272.100000,0
20110201 023919000,271.960000,272.110000,0
20110201 023924000,271.950000,272.100000,0
20110201 023925000,271.960000,272.110000,0
20110201 023925000,271.950000,272.100000,0
20110201 023927000,271.960000,272.110000,0
20110201 023927000,271.970000,272.120000,0
20110201 023939000,271.960000,272.110000,0
20110201 023940000,271.970000,272.120000,0
20110201 023942000,271.950000,272.100000,0
20110201 024233000,271.920000,272.070000,0
20110201 024251000,271.950000,272.100000,0
20110201 024301000,271.920000,272.070000,0
20110201 024315000,271.950000,272.100000,0
20110201 024431000,271.920000,272.070000,0
20110201 024444000,271.930000,272.080000,0
20110201 024509000,271.900000,272.050000,0
20110201 024510000,271.910000,272.060000,0
20110201 024529000,271.970000,272.120000,0
20110201 024529000,271.980000,272.130000,0
20110201 024531000,271.900000,272.050000,0
20110201 024747000,271.880000,272.030000,0
20110201 024751000,271.870000,272.020000,0
20110201 024755000,271.830000,271.980000,0
20110201 024758000,271.810000,271.960000,0
20110201 024759000,271.800000,271.950000,0
20110201 024802000,271.780000,271.930000,0
20110201 024824000,271.750000,271.900000,0
20110201 024825000,271.760000,271.910000,0
20110201 024825000,271.750000,271.900000,0
20110201 024932000,271.660000,271.810000,0
20110201 024932000,271.650000,271.800000,0
20110201 025029000,271.630000,271.780000,0
20110201 025032000,271.640000,271.790000,0
20110201 025034000,271.680000,271.830000,0
20110201 025108000,271.730000,271.880000,0
20110201 025113000,271.680000,271.830000,0
20110201 025230000,271.700000,271.850000,0
20110201 025237000,271.650000,271.800000,0
20110201 025237000,271.630000,271.780000,0
20110201 025241000,271.620000,271.770000,0
20110201 025241000,271.610000,271.760000,0
20110201 025242000,271.620000,271.770000,0
20110201 025243000,271.610000,271.760000,0
20110201 025245000,271.620000,271.770000,0
20110201 025248000,271.630000,271.780000,0
20110201 025249000,271.620000,271.770000,0
20110201 025300000,271.610000,271.760000,0
20110201 025315000,271.620000,271.770000,0
20110201 025315000,271.610000,271.760000,0
20110201 025334000,271.600000,271.750000,0
20110201 025335000,271.610000,271.760000,0
20110201 025342000,271.600000,271.750000,0
20110201 025634000,271.620000,271.770000,0
20110201 025634000,271.630000,271.780000,0
20110201 025654000,271.680000,271.830000,0
20110201 025825000,271.660000,271.810000,0
20110201 025826000,271.650000,271.800000,0
20110201 025830000,271.660000,271.810000,0
20110201 025833000,271.750000,271.900000,0
20110201 025835000,271.800000,271.950000,0
20110201 025836000,271.740000,271.890000,0
20110201 025837000,271.720000,271.870000,0
20110201 025842000,271.730000,271.880000,0
20110201 025842000,271.720000,271.870000,0
20110201 025858000,271.730000,271.880000,0
20110201 025858000,271.720000,271.870000,0
20110201 025900000,271.730000,271.880000,0
20110201 025900000,271.720000,271.870000,0
20110201 025901000,271.730000,271.880000,0
20110201 025901000,271.720000,271.870000,0
20110201 025901000,271.730000,271.880000,0
20110201 025902000,271.740000,271.890000,0
20110201 025902000,271.730000,271.880000,0
20110201 025913000,271.740000,271.890000,0
20110201 025913000,271.730000,271.880000,0
20110201 025931000,271.700000,271.850000,0
20110201 025932000,271.680000,271.830000,0
20110201 025932000,271.740000,271.890000,0
20110201 025932000,271.750000,271.900000,0
20110201 025949000,271.820000,271.970000,0
20110201 030004000,271.830000,271.980000,0
20110201 030006000,271.760000,271.910000,0
20110201 030007000,271.730000,271.880000,0
20110201 030014000,271.800000,271.950000,0
20110201 030018000,271.810000,271.960000,0
20110201 030018000,271.900000,272.050000,0
20110201 030041000,271.800000,271.950000,0
20110201 030042000,271.770000,271.920000,0
20110201 030042000,271.750000,271.900000,0
20110201 030043000,271.790000,271.940000,0
20110201 030043000,271.880000,272.030000,0
20110201 030044000,271.900000,272.050000,0
20110201 030214000,271.930000,272.080000,0
20110201 030217000,271.900000,272.050000,0
20110201 030221000,271.810000,271.960000,0
20110201 030222000,271.780000,271.930000,0
20110201 030223000,271.700000,271.850000,0
20110201 030226000,271.750000,271.900000,0
20110201 030230000,271.780000,271.930000,0
20110201 030240000,271.790000,271.940000,0
20110201 030240000,271.840000,271.990000,0
20110201 030241000,271.850000,272.000000,0
20110201 030252000,271.880000,272.030000,0
20110201 030257000,271.850000,272.000000,0
20110201 030310000,271.870000,272.020000,0
20110201 030310000,271.880000,272.030000,0
20110201 030310000,271.850000,272.000000,0
20110201 030312000,271.880000,272.030000,0
20110201 030312000,271.940000,272.090000,0
20110201 030312000,271.950000,272.100000,0
20110201 030313000,271.880000,272.030000,0
20110201 030318000,271.810000,271.960000,0
20110201 030321000,271.820000,271.970000,0
20110201 030321000,271.890000,272.040000,0
20110201 030321000,271.900000,272.050000,0
20110201 030355000,271.880000,272.030000,0
20110201 030410000,271.950000,272.100000,0
20110201 030417000,271.900000,272.050000,0
20110201 030419000,271.950000,272.100000,0
20110201 030646000,271.900000,272.050000,0
20110201 030649000,271.870000,272.020000,0
20110201 030652000,271.900000,272.050000,0
20110201 030653000,271.880000,272.030000,0
20110201 030654000,271.920000,272.070000,0
20110201 030658000,271.940000,272.090000,0
20110201 030738000,271.970000,272.120000,0
20110201 030741000,271.990000,272.140000,0
20110201 030751000,272.000000,272.150000,0
20110201 030752000,271.990000,272.140000,0
20110201 030854000,272.010000,272.160000,0
20110201 030854000,272.100000,272.250000,0
20110201 030858000,272.120000,272.270000,0
20110201 030859000,272.100000,272.250000,0
20110201 030901000,272.080000,272.230000,0
20110201 030903000,272.090000,272.240000,0
20110201 030904000,272.080000,272.230000,0
20110201 030908000,272.100000,272.250000,0
20110201 030944000,272.120000,272.270000,0
20110201 030955000,272.060000,272.210000,0
20110201 030956000,272.070000,272.220000,0
20110201 031057000,272.050000,272.200000,0
20110201 031106000,271.880000,272.030000,0
20110201 031113000,271.960000,272.110000,0
20110201 031113000,271.980000,272.130000,0
20110201 031155000,271.950000,272.100000,0
20110201 031225000,271.980000,272.130000,0
20110201 031251000,271.950000,272.100000,0
20110201 031252000,271.960000,272.110000,0
20110201 031256000,271.950000,272.100000,0
20110201 031257000,271.940000,272.090000,0
20110201 031257000,271.950000,272.100000,0
20110201 031257000,271.940000,272.090000,0
20110201 031257000,271.900000,272.050000,0
20110201 031307000,271.890000,272.040000,0
20110201 031313000,271.880000,272.030000,0
20110201 031318000,271.870000,272.020000,0
20110201 031332000,271.930000,272.080000,0
20110201 031336000,271.940000,272.090000,0
20110201 031337000,271.930000,272.080000,0
20110201 031343000,271.950000,272.100000,0
20110201 031412000,271.940000,272.090000,0
20110201 031414000,271.930000,272.080000,0
20110201 031442000,271.940000,272.090000,0
20110201 031449000,271.930000,272.080000,0
20110201 031546000,271.950000,272.100000,0
20110201 031612000,271.920000,272.070000,0
20110201 031617000,271.950000,272.100000,0
20110201 031618000,271.920000,272.070000,0
20110201 031702000,271.910000,272.060000,0
20110201 031707000,271.920000,272.070000,0
20110201 031709000,271.910000,272.060000,0
20110201 031720000,271.900000,272.050000,0
20110201 031729000,271.930000,272.080000,0
20110201 031756000,271.920000,272.070000,0
20110201 031912000,271.890000,272.040000,0
20110201 031912000,271.920000,272.070000,0
20110201 031915000,271.940000,272.090000,0
20110201 031916000,271.920000,272.070000,0
20110201 031918000,271.940000,272.090000,0
20110201 031920000,271.920000,272.070000,0
20110201 031936000,271.940000,272.090000,0
20110201 031938000,271.920000,272.070000,0
20110201 031956000,271.890000,272.040000,0
20110201 032004000,271.920000,272.070000,0
20110201 032044000,271.930000,272.080000,0
20110201 032130000,271.940000,272.090000,0
20110201 032154000,271.950000,272.100000,0
20110201 032156000,272.000000,272.150000,0
20110201 032205000,272.010000,272.160000,0
20110201 032254000,272.090000,272.240000,0
20110201 032259000,272.100000,272.250000,0
20110201 032301000,272.110000,272.260000,0
20110201 032309000,272.130000,272.280000,0
20110201 032318000,272.100000,272.250000,0
20110201 032332000,272.130000,272.280000,0
20110201 032514000,272.100000,272.250000,0
20110201 032534000,272.040000,272.190000,0
20110201 032537000,272.030000,272.180000,0
20110201 032539000,272.050000,272.200000,0
20110201 032646000,272.080000,272.230000,0
20110201 032702000,272.050000,272.200000,0
20110201 032703000,272.060000,272.210000,0
20110201 032759000,272.030000,272.180000,0
20110201 032842000,272.050000,272.200000,0
20110201 032930000,272.080000,272.230000,0
20110201 033047000,272.100000,272.250000,0
20110201 033358000,272.150000,272.300000,0
20110201 033505000,272.100000,272.250000,0
20110201 033552000,272.110000,272.260000,0
20110201 033555000,272.130000,272.280000,0
20110201 033702000,272.150000,272.300000,0
20110201 033706000,272.160000,272.310000,0
20110201 033709000,272.150000,272.300000,0
20110201 033733000,272.130000,272.280000,0
20110201 033819000,272.150000,272.300000,0
20110201 033828000,272.130000,272.280000,0
20110201 033912000,272.120000,272.270000,0
20110201 033921000,272.110000,272.260000,0
20110201 033922000,272.100000,272.250000,0
20110201 033923000,272.130000,272.280000,0
20110201 033925000,272.100000,272.250000,0
20110201 033931000,272.110000,272.260000,0
20110201 033932000,272.080000,272.230000,0
20110201 033932000,272.050000,272.200000,0
20110201 033932000,272.070000,272.220000,0
20110201 033932000,272.050000,272.200000,0
20110201 033932000,272.000000,272.150000,0
20110201 033933000,272.060000,272.210000,0
20110201 033933000,272.080000,272.230000,0
20110201 033934000,272.010000,272.160000,0
20110201 033934000,271.960000,272.110000,0
20110201 033936000,271.950000,272.100000,0
20110201 033937000,271.930000,272.080000,0
20110201 033937000,271.900000,272.050000,0
20110201 033948000,271.890000,272.040000,0
20110201 033948000,271.880000,272.030000,0
20110201 033955000,271.890000,272.040000,0
20110201 033957000,271.990000,272.140000,0
20110201 033958000,271.940000,272.090000,0
20110201 033958000,271.890000,272.040000,0
20110201 034000000,271.940000,272.090000,0
20110201 034006000,271.930000,272.080000,0
20110201 034007000,271.890000,272.040000,0
20110201 034007000,271.880000,272.030000,0
20110201 034008000,271.870000,272.020000,0
20110201 034008000,271.800000,271.950000,0
20110201 034011000,271.830000,271.980000,0
20110201 034013000,271.820000,271.970000,0
20110201 034017000,271.810000,271.960000,0
20110201 034021000,271.820000,271.970000,0
20110201 034024000,271.840000,271.990000,0
20110201 034027000,271.880000,272.030000,0
20110201 034029000,271.870000,272.020000,0
20110201 034031000,271.850000,272.000000,0
20110201 034032000,271.860000,272.010000,0
20110201 034034000,271.870000,272.020000,0
20110201 034035000,271.850000,272.000000,0
20110201 034040000,271.820000,271.970000,0
20110201 034040000,271.830000,271.980000,0
20110201 034041000,271.760000,271.910000,0
20110201 034041000,271.750000,271.900000,0
20110201 034044000,271.740000,271.890000,0
20110201 034044000,271.750000,271.900000,0
20110201 034046000,271.700000,271.850000,0
20110201 034049000,271.620000,271.770000,0
20110201 034049000,271.640000,271.790000,0
20110201 034052000,271.650000,271.800000,0
20110201 034100000,271.750000,271.900000,0
20110201 034100000,271.650000,271.800000,0
20110201 034104000,271.620000,271.770000,0
20110201 034106000,271.610000,271.760000,0
20110201 034106000,271.620000,271.770000,0
20110201 034120000,271.650000,271.800000,0
20110201 034126000,271.680000,271.830000,0
20110201 034127000,271.770000,271.920000,0
20110201 034130000,271.710000,271.860000,0
20110201 034130000,271.700000,271.850000,0
20110201 034132000,271.680000,271.830000,0
20110201 034133000,271.670000,271.820000,0
20110201 034152000,271.650000,271.800000,0
20110201 034209000,271.660000,271.810000,0
20110201 034210000,271.690000,271.840000,0
20110201 034213000,271.660000,271.810000,0
20110201 034221000,271.640000,271.790000,0
20110201 034224000,271.630000,271.780000,0
20110201 034230000,271.620000,271.770000,0
20110201 034233000,271.640000,271.790000,0
20110201 034236000,271.630000,271.780000,0
20110201 034301000,271.620000,271.770000,0
20110201 034454000,271.680000,271.830000,0
20110201 034500000,271.690000,271.840000,0
20110201 034501000,271.700000,271.850000,0
20110201 034503000,271.770000,271.920000,0
20110201 034504000,271.830000,271.980000,0
20110201 034504000,271.840000,271.990000,0
20110201 034505000,271.900000,272.050000,0
20110201 034508000,271.780000,271.930000,0
20110201 034607000,271.790000,271.940000,0
20110201 034616000,271.800000,271.950000,0
20110201 034651000,271.780000,271.930000,0
20110201 034657000,271.800000,271.950000,0
20110201 034700000,271.780000,271.930000,0
20110201 034700000,271.770000,271.920000,0
20110201 034726000,271.780000,271.930000,0
20110201 034734000,271.770000,271.920000,0
20110201 034747000,271.750000,271.900000,0
20110201 034748000,271.770000,271.920000,0
20110201 034750000,271.740000,271.890000,0
20110201 034751000,271.770000,271.920000,0
20110201 034824000,271.740000,271.890000,0
20110201 034835000,271.760000,271.910000,0
20110201 034839000,271.720000,271.870000,0
20110201 034841000,271.760000,271.910000,0
20110201 034940000,271.740000,271.890000,0
20110201 034949000,271.730000,271.880000,0
20110201 034950000,271.760000,271.910000,0
20110201 034954000,271.820000,271.970000,0
20110201 034958000,271.800000,271.950000,0
20110201 035000000,271.770000,271.920000,0
20110201 035005000,271.800000,271.950000,0
20110201 035020000,271.830000,271.980000,0
20110201 035023000,271.800000,271.950000,0
20110201 035029000,271.780000,271.930000,0
20110201 035033000,271.810000,271.960000,0
20110201 035034000,271.800000,271.950000,0
20110201 035035000,271.780000,271.930000,0
20110201 035739000,271.810000,271.960000,0
20110201 035748000,271.830000,271.980000,0
20110201 035751000,271.850000,272.000000,0
20110201 035759000,271.840000,271.990000,0
20110201 035821000,271.830000,271.980000,0
20110201 035830000,271.800000,271.950000,0
20110201 035832000,271.780000,271.930000,0
20110201 035837000,271.750000,271.900000,0
20110201 035841000,271.780000,271.930000,0
20110201 035843000,271.750000,271.900000,0
20110201 035845000,271.780000,271.930000,0
20110201 035902000,271.820000,271.970000,0
20110201 035951000,271.810000,271.960000,0
20110201 035958000,271.780000,271.930000,0
20110201 040007000,271.770000,271.920000,0
20110201 040008000,271.780000,271.930000,0
20110201 040010000,271.770000,271.920000,0
20110201 040016000,271.750000,271.900000,0
20110201 040016000,271.700000,271.850000,0
20110201 040022000,271.730000,271.880000,0
20110201 040022000,271.740000,271.890000,0
20110201 040035000,271.730000,271.880000,0
20110201 040036000,271.740000,271.890000,0
20110201 040038000,271.730000,271.880000,0
20110201 040040000,271.740000,271.890000,0
20110201 040041000,271.730000,271.880000,0
20110201 040046000,271.720000,271.870000,0
20110201 040046000,271.730000,271.880000,0
20110201 040049000,271.720000,271.870000,0
20110201 040100000,271.730000,271.880000,0
20110201 040110000,271.740000,271.890000,0
20110201 040134000,271.750000,271.900000,0
20110201 040134000,271.740000,271.890000,0
20110201 040136000,271.750000,271.900000,0
20110201 040205000,271.740000,271.890000,0
20110201 040206000,271.750000,271.900000,0
20110201 040228000,271.740000,271.890000,0
20110201 040231000,271.750000,271.900000,0
20110201 040231000,271.740000,271.890000,0
20110201 040231000,271.750000,271.900000,0
20110201 040233000,271.700000,271.850000,0
20110201 040239000,271.720000,271.870000,0
20110201 040242000,271.700000,271.850000,0
20110201 040246000,271.720000,271.870000,0
20110201 040248000,271.700000,271.850000,0
20110201 040251000,271.720000,271.870000,0
20110201 040257000,271.700000,271.850000,0
20110201 040300000,271.730000,271.880000,0
20110201 040301000,271.720000,271.870000,0
20110201 040432000,271.690000,271.840000,0
20110201 040432000,271.680000,271.830000,0
20110201 040530000,271.690000,271.840000,0
20110201 040530000,271.700000,271.850000,0
20110201 040543000,271.710000,271.860000,0
20110201 040543000,271.700000,271.850000,0
20110201 040543000,271.750000,271.900000,0
20110201 040553000,271.760000,271.910000,0
20110201 040555000,271.750000,271.900000,0
20110201 040743000,271.730000,271.880000,0
20110201 040752000,271.750000,271.900000,0
20110201 040828000,271.820000,271.970000,0
20110201 040829000,271.750000,271.900000,0
20110201 040842000,271.760000,271.910000,0
20110201 040849000,271.740000,271.890000,0
20110201 040855000,271.730000,271.880000,0
20110201 040927000,271.700000,271.850000,0
20110201 041009000,271.730000,271.880000,0
20110201 041458000,271.750000,271.900000,0
20110201 041507000,271.770000,271.920000,0
20110201 041509000,271.740000,271.890000,0
20110201 041515000,271.750000,271.900000,0
20110201 041515000,271.740000,271.890000,0
20110201 041521000,271.770000,271.920000,0
20110201 041524000,271.780000,271.930000,0
20110201 041527000,271.760000,271.910000,0
20110201 041535000,271.740000,271.890000,0
20110201 041535000,271.730000,271.880000,0
20110201 041649000,271.750000,271.900000,0
20110201 041715000,271.730000,271.880000,0
20110201 041721000,271.740000,271.890000,0
20110201 041817000,271.750000,271.900000,0
20110201 041817000,271.740000,271.890000,0
20110201 041827000,271.750000,271.900000,0
20110201 041907000,271.740000,271.890000,0
20110201 041917000,271.730000,271.880000,0
20110201 041930000,271.720000,271.870000,0
20110201 041939000,271.730000,271.880000,0
20110201 041949000,271.720000,271.870000,0
20110201 041951000,271.710000,271.860000,0
20110201 041951000,271.720000,271.870000,0
20110201 041952000,271.710000,271.860000,0
20110201 041952000,271.720000,271.870000,0
20110201 041953000,271.700000,271.850000,0
20110201 041954000,271.720000,271.870000,0
20110201 042004000,271.700000,271.850000,0
20110201 042036000,271.730000,271.880000,0
20110201 042126000,271.720000,271.870000,0
20110201 042131000,271.700000,271.850000,0
20110201 042141000,271.600000,271.750000,0
20110201 042145000,271.680000,271.830000,0
20110201 042146000,271.670000,271.820000,0
20110201 042149000,271.660000,271.810000,0
20110201 042152000,271.670000,271.820000,0
20110201 042152000,271.660000,271.810000,0
20110201 042155000,271.670000,271.820000,0
20110201 042155000,271.660000,271.810000,0
20110201 042157000,271.670000,271.820000,0
20110201 042159000,271.660000,271.810000,0
20110201 042159000,271.670000,271.820000,0
20110201 042200000,271.660000,271.810000,0
20110201 042203000,271.670000,271.820000,0
20110201 042203000,271.660000,271.810000,0
20110201 042216000,271.680000,271.830000,0
20110201 042216000,271.690000,271.840000,0
20110201 042217000,271.700000,271.850000,0
20110201 042435000,271.680000,271.830000,0
20110201 042703000,271.670000,271.820000,0
20110201 042704000,271.680000,271.830000,0
20110201 042915000,271.670000,271.820000,0
20110201 042916000,271.680000,271.830000,0
20110201 042918000,271.670000,271.820000,0
20110201 042920000,271.680000,271.830000,0
20110201 043028000,271.670000,271.820000,0
20110201 043040000,271.680000,271.830000,0
20110201 043042000,271.670000,271.820000,0
20110201 043112000,271.660000,271.810000,0
20110201 043114000,271.670000,271.820000,0
20110201 043114000,271.660000,271.810000,0
20110201 043124000,271.650000,271.800000,0
20110201 043124000,271.660000,271.810000,0
20110201 043125000,271.650000,271.800000,0
20110201 043127000,271.660000,271.810000,0
20110201 043127000,271.650000,271.800000,0
20110201 043133000,271.660000,271.810000,0
20110201 043134000,271.650000,271.800000,0
20110201 043135000,271.660000,271.810000,0
20110201 043136000,271.650000,271.800000,0
20110201 043137000,271.660000,271.810000,0
20110201 043137000,271.650000,271.800000,0
20110201 043137000,271.660000,271.810000,0
20110201 043139000,271.650000,271.800000,0
20110201 043141000,271.670000,271.820000,0
20110201 043141000,271.610000,271.760000,0
20110201 043142000,271.600000,271.750000,0
20110201 043142000,271.610000,271.760000,0
20110201 043142000,271.640000,271.790000,0
20110201 043146000,271.630000,271.780000,0
20110201 043146000,271.620000,271.770000,0
20110201 043147000,271.610000,271.760000,0
20110201 043147000,271.620000,271.770000,0
20110201 043149000,271.630000,271.780000,0
20110201 043151000,271.620000,271.770000,0
20110201 043151000,271.630000,271.780000,0
20110201 043152000,271.620000,271.770000,0
20110201 043152000,271.630000,271.780000,0
20110201 043152000,271.620000,271.770000,0
20110201 043156000,271.610000,271.760000,0
20110201 043157000,271.620000,271.770000,0
20110201 043158000,271.610000,271.760000,0
20110201 043158000,271.620000,271.770000,0
20110201 043202000,271.600000,271.750000,0
20110201 043202000,271.490000,271.640000,0
20110201 043205000,271.500000,271.650000,0
20110201 043205000,271.600000,271.750000,0
20110201 043206000,271.610000,271.760000,0
20110201 043206000,271.600000,271.750000,0
20110201 043230000,271.590000,271.740000,0
20110201 043230000,271.490000,271.640000,0
20110201 043230000,271.500000,271.650000,0
20110201 043231000,271.580000,271.730000,0
20110201 043231000,271.560000,271.710000,0
20110201 043236000,271.580000,271.730000,0
20110201 043240000,271.570000,271.720000,0
20110201 043244000,271.600000,271.750000,0
20110201 043245000,271.620000,271.770000,0
20110201 043245000,271.580000,271.730000,0
20110201 043250000,271.600000,271.750000,0
20110201 043252000,271.630000,271.780000,0
20110201 043252000,271.590000,271.740000,0
20110201 043253000,271.580000,271.730000,0
20110201 043254000,271.610000,271.760000,0
20110201 043255000,271.620000,271.770000,0
20110201 043258000,271.600000,271.750000,0
20110201 043258000,271.540000,271.690000,0
20110201 043258000,271.530000,271.680000,0
20110201 043301000,271.520000,271.670000,0
20110201 043301000,271.500000,271.650000,0
20110201 043301000,271.490000,271.640000,0
20110201 043303000,271.480000,271.630000,0
20110201 043303000,271.490000,271.640000,0
20110201 043303000,271.480000,271.630000,0
20110201 043303000,271.490000,271.640000,0
20110201 043304000,271.480000,271.630000,0
20110201 043304000,271.490000,271.640000,0
20110201 043305000,271.480000,271.630000,0
20110201 043314000,271.490000,271.640000,0
20110201 043315000,271.560000,271.710000,0
20110201 043316000,271.590000,271.740000,0
20110201 043316000,271.580000,271.730000,0
20110201 043318000,271.600000,271.750000,0
20110201 043318000,271.610000,271.760000,0
20110201 043319000,271.600000,271.750000,0
20110201 043324000,271.610000,271.760000,0
20110201 043324000,271.590000,271.740000,0
20110201 043325000,271.580000,271.730000,0
20110201 043336000,271.570000,271.720000,0
20110201 043336000,271.530000,271.680000,0
20110201 043336000,271.510000,271.660000,0
20110201 043339000,271.520000,271.670000,0
20110201 043348000,271.510000,271.660000,0
20110201 043349000,271.530000,271.680000,0
20110201 043355000,271.600000,271.750000,0
20110201 043356000,271.610000,271.760000,0
20110201 043357000,271.600000,271.750000,0
20110201 043408000,271.460000,271.610000,0
20110201 043408000,271.450000,271.600000,0
20110201 043409000,271.430000,271.580000,0
20110201 043410000,271.550000,271.700000,0
20110201 043410000,271.460000,271.610000,0
20110201 043410000,271.450000,271.600000,0
20110201 043431000,271.530000,271.680000,0
20110201 043431000,271.430000,271.580000,0
20110201 043434000,271.420000,271.570000,0
20110201 043435000,271.410000,271.560000,0
20110201 043435000,271.400000,271.550000,0
20110201 043444000,271.410000,271.560000,0
20110201 043444000,271.500000,271.650000,0
20110201 043445000,271.390000,271.540000,0
20110201 043445000,271.380000,271.530000,0
20110201 043445000,271.400000,271.550000,0
20110201 043446000,271.390000,271.540000,0
20110201 043446000,271.490000,271.640000,0
20110201 043446000,271.390000,271.540000,0
20110201 043446000,271.530000,271.680000,0
20110201 043447000,271.560000,271.710000,0
20110201 043447000,271.580000,271.730000,0
20110201 043448000,271.590000,271.740000,0
20110201 043505000,271.580000,271.730000,0
20110201 043506000,271.590000,271.740000,0
20110201 043506000,271.580000,271.730000,0
20110201 043508000,271.590000,271.740000,0
20110201 043509000,271.580000,271.730000,0
20110201 043509000,271.590000,271.740000,0
20110201 043510000,271.580000,271.730000,0
20110201 043511000,271.590000,271.740000,0
20110201 043512000,271.580000,271.730000,0
20110201 043519000,271.570000,271.720000,0
20110201 043520000,271.580000,271.730000,0
20110201 043521000,271.570000,271.720000,0
20110201 043521000,271.580000,271.730000,0
20110201 043521000,271.570000,271.720000,0
20110201 043523000,271.580000,271.730000,0
20110201 043523000,271.570000,271.720000,0
20110201 043523000,271.580000,271.730000,0
20110201 043525000,271.570000,271.720000,0
20110201 043525000,271.580000,271.730000,0
20110201 043529000,271.570000,271.720000,0
20110201 043535000,271.580000,271.730000,0
20110201 043536000,271.570000,271.720000,0
20110201 043539000,271.580000,271.730000,0
20110201 043540000,271.570000,271.720000,0
20110201 043547000,271.580000,271.730000,0
20110201 043552000,271.590000,271.740000,0
20110201 043554000,271.600000,271.750000,0
20110201 043605000,271.670000,271.820000,0
20110201 043617000,271.570000,271.720000,0
20110201 043617000,271.540000,271.690000,0
20110201 043619000,271.530000,271.680000,0
20110201 043620000,271.490000,271.640000,0
20110201 043621000,271.480000,271.630000,0
20110201 043648000,271.490000,271.640000,0
20110201 043650000,271.480000,271.630000,0
20110201 043703000,271.500000,271.650000,0
20110201 043812000,271.490000,271.640000,0
20110201 043814000,271.500000,271.650000,0
20110201 043826000,271.490000,271.640000,0
20110201 043826000,271.500000,271.650000,0
20110201 043826000,271.490000,271.640000,0
20110201 043829000,271.500000,271.650000,0
20110201 043831000,271.490000,271.640000,0
20110201 043840000,271.480000,271.630000,0
20110201 043842000,271.490000,271.640000,0
20110201 043904000,271.480000,271.630000,0
20110201 043905000,271.490000,271.640000,0
20110201 043908000,271.480000,271.630000,0
20110201 043908000,271.490000,271.640000,0
20110201 043915000,271.500000,271.650000,0
20110201 043918000,271.490000,271.640000,0
20110201 043920000,271.500000,271.650000,0
20110201 043933000,271.510000,271.660000,0
20110201 043933000,271.520000,271.670000,0
20110201 043935000,271.530000,271.680000,0
20110201 043936000,271.540000,271.690000,0
20110201 043938000,271.530000,271.680000,0
20110201 043938000,271.520000,271.670000,0
20110201 043938000,271.490000,271.640000,0
20110201 043939000,271.500000,271.650000,0
20110201 043945000,271.490000,271.640000,0
20110201 043948000,271.500000,271.650000,0
20110201 043950000,271.490000,271.640000,0
20110201 043951000,271.510000,271.660000,0
20110201 043952000,271.520000,271.670000,0
20110201 043953000,271.530000,271.680000,0
20110201 044008000,271.540000,271.690000,0
20110201 044009000,271.530000,271.680000,0
20110201 044009000,271.540000,271.690000,0
20110201 044012000,271.550000,271.700000,0
20110201 044015000,271.570000,271.720000,0
20110201 044015000,271.580000,271.730000,0
20110201 044021000,271.650000,271.800000,0
20110201 044022000,271.680000,271.830000,0
20110201 044022000,271.700000,271.850000,0
20110201 044022000,271.720000,271.870000,0
20110201 044023000,271.730000,271.880000,0
20110201 044032000,271.700000,271.850000,0
20110201 044041000,271.710000,271.860000,0
20110201 044043000,271.700000,271.850000,0
20110201 044052000,271.690000,271.840000,0
20110201 044052000,271.640000,271.790000,0
20110201 044053000,271.600000,271.750000,0
20110201 044058000,271.690000,271.840000,0
20110201 044105000,271.650000,271.800000,0
20110201 044105000,271.640000,271.790000,0
20110201 044106000,271.650000,271.800000,0
20110201 044110000,271.680000,271.830000,0
20110201 044115000,271.670000,271.820000,0
20110201 044119000,271.640000,271.790000,0
20110201 044120000,271.630000,271.780000,0
20110201 044122000,271.640000,271.790000,0
20110201 044139000,271.670000,271.820000,0
20110201 044230000,271.650000,271.800000,0
20110201 044554000,271.640000,271.790000,0
20110201 044605000,271.600000,271.750000,0
20110201 044605000,271.580000,271.730000,0
20110201 044613000,271.530000,271.680000,0
20110201 044614000,271.520000,271.670000,0
20110201 044616000,271.530000,271.680000,0
20110201 044617000,271.520000,271.670000,0
20110201 044617000,271.530000,271.680000,0
20110201 044617000,271.520000,271.670000,0
20110201 044624000,271.510000,271.660000,0
20110201 044624000,271.500000,271.650000,0
20110201 044625000,271.480000,271.630000,0
20110201 044702000,271.490000,271.640000,0
20110201 044704000,271.480000,271.630000,0
20110201 044705000,271.490000,271.640000,0
20110201 044707000,271.480000,271.630000,0
20110201 044708000,271.490000,271.640000,0
20110201 044710000,271.480000,271.630000,0
20110201 044710000,271.490000,271.640000,0
20110201 044711000,271.480000,271.630000,0
20110201 044712000,271.490000,271.640000,0
20110201 044715000,271.480000,271.630000,0
20110201 044733000,271.490000,271.640000,0
20110201 044733000,271.480000,271.630000,0
20110201 044734000,271.490000,271.640000,0
20110201 044736000,271.480000,271.630000,0
20110201 044736000,271.490000,271.640000,0
20110201 044737000,271.480000,271.630000,0
20110201 044737000,271.490000,271.640000,0
20110201 044739000,271.480000,271.630000,0
20110201 044739000,271.490000,271.640000,0
20110201 044809000,271.440000,271.590000,0
20110201 044809000,271.410000,271.560000,0
20110201 044809000,271.400000,271.550000,0
20110201 044809000,271.460000,271.610000,0
20110201 044815000,271.410000,271.560000,0
20110201 044829000,271.460000,271.610000,0
20110201 044830000,271.480000,271.630000,0
20110201 044832000,271.460000,271.610000,0
20110201 044908000,271.470000,271.620000,0
20110201 044908000,271.480000,271.630000,0
20110201 044908000,271.490000,271.640000,0
20110201 044933000,271.480000,271.630000,0
20110201 044944000,271.490000,271.640000,0
20110201 044946000,271.480000,271.630000,0
20110201 044954000,271.490000,271.640000,0
20110201 045001000,271.480000,271.630000,0
20110201 045002000,271.490000,271.640000,0
20110201 045004000,271.500000,271.650000,0
20110201 045005000,271.510000,271.660000,0
20110201 045007000,271.490000,271.640000,0
20110201 045007000,271.480000,271.630000,0
20110201 045013000,271.470000,271.620000,0
20110201 045013000,271.460000,271.610000,0
20110201 045015000,271.450000,271.600000,0
20110201 045019000,271.440000,271.590000,0
20110201 045022000,271.450000,271.600000,0
20110201 045022000,271.440000,271.590000,0
20110201 045024000,271.450000,271.600000,0
20110201 045025000,271.480000,271.630000,0
20110201 045026000,271.490000,271.640000,0
20110201 045026000,271.480000,271.630000,0
20110201 045028000,271.470000,271.620000,0
20110201 045036000,271.480000,271.630000,0
20110201 045038000,271.470000,271.620000,0
20110201 045052000,271.480000,271.630000,0
20110201 045054000,271.470000,271.620000,0
20110201 045113000,271.480000,271.630000,0
20110201 045117000,271.470000,271.620000,0
20110201 045127000,271.460000,271.610000,0
20110201 045129000,271.450000,271.600000,0
20110201 045129000,271.470000,271.620000,0
20110201 045130000,271.460000,271.610000,0
20110201 045137000,271.450000,271.600000,0
20110201 045138000,271.460000,271.610000,0
20110201 045139000,271.480000,271.630000,0
20110201 045139000,271.470000,271.620000,0
20110201 045147000,271.460000,271.610000,0
20110201 045147000,271.470000,271.620000,0
20110201 045148000,271.460000,271.610000,0
20110201 045152000,271.450000,271.600000,0
20110201 045152000,271.470000,271.620000,0
20110201 045153000,271.490000,271.640000,0
20110201 045156000,271.460000,271.610000,0
20110201 045156000,271.450000,271.600000,0
20110201 045157000,271.460000,271.610000,0
20110201 045157000,271.480000,271.630000,0
20110201 045158000,271.470000,271.620000,0
20110201 045158000,271.460000,271.610000,0
20110201 045206000,271.560000,271.710000,0
20110201 045207000,271.470000,271.620000,0
20110201 045207000,271.460000,271.610000,0
20110201 045244000,271.480000,271.630000,0
20110201 045245000,271.490000,271.640000,0
20110201 045245000,271.500000,271.650000,0
20110201 045249000,271.490000,271.640000,0
20110201 045249000,271.460000,271.610000,0
20110201 045249000,271.450000,271.600000,0
20110201 045339000,271.460000,271.610000,0
20110201 045354000,271.440000,271.590000,0
20110201 045354000,271.430000,271.580000,0
20110201 045359000,271.420000,271.570000,0
20110201 045401000,271.430000,271.580000,0
20110201 045401000,271.440000,271.590000,0
20110201 045401000,271.420000,271.570000,0
20110201 045408000,271.410000,271.560000,0
20110201 045408000,271.400000,271.550000,0
20110201 045410000,271.360000,271.510000,0
20110201 045410000,271.350000,271.500000,0
20110201 045410000,271.400000,271.550000,0
20110201 045413000,271.370000,271.520000,0
20110201 045413000,271.360000,271.510000,0
20110201 045430000,271.370000,271.520000,0
20110201 045441000,271.360000,271.510000,0
20110201 045441000,271.370000,271.520000,0
20110201 045441000,271.360000,271.510000,0
20110201 045446000,271.370000,271.520000,0
20110201 045446000,271.430000,271.580000,0
20110201 045450000,271.470000,271.620000,0
20110201 045451000,271.490000,271.640000,0
20110201 045451000,271.500000,271.650000,0
20110201 045451000,271.510000,271.660000,0
20110201 045452000,271.530000,271.680000,0
20110201 045454000,271.470000,271.620000,0
20110201 045454000,271.430000,271.580000,0
20110201 045454000,271.390000,271.540000,0
20110201 045458000,271.380000,271.530000,0
20110201 045526000,271.360000,271.510000,0
20110201 045526000,271.320000,271.470000,0
20110201 045526000,271.300000,271.450000,0
20110201 045558000,271.310000,271.460000,0
20110201 045559000,271.300000,271.450000,0
20110201 045604000,271.310000,271.460000,0
20110201 045605000,271.300000,271.450000,0
20110201 045610000,271.310000,271.460000,0
20110201 045611000,271.300000,271.450000,0
20110201 045611000,271.310000,271.460000,0
20110201 045614000,271.300000,271.450000,0
20110201 045614000,271.310000,271.460000,0
20110201 045615000,271.300000,271.450000,0
20110201 045616000,271.310000,271.460000,0
20110201 045638000,271.320000,271.470000,0
20110201 045639000,271.390000,271.540000,0
20110201 045642000,271.400000,271.550000,0
20110201 045643000,271.390000,271.540000,0
20110201 045643000,271.420000,271.570000,0
20110201 045643000,271.430000,271.580000,0
20110201 045646000,271.400000,271.550000,0
20110201 045649000,271.410000,271.560000,0
20110201 045651000,271.390000,271.540000,0
20110201 045651000,271.380000,271.530000,0
20110201 045652000,271.410000,271.560000,0
20110201 045652000,271.420000,271.570000,0
20110201 045653000,271.430000,271.580000,0
20110201 045656000,271.440000,271.590000,0
20110201 045656000,271.430000,271.580000,0
20110201 045727000,271.440000,271.590000,0
20110201 045727000,271.460000,271.610000,0
20110201 045907000,271.450000,271.600000,0
20110201 045908000,271.370000,271.520000,0
20110201 045909000,271.350000,271.500000,0
20110201 045910000,271.340000,271.490000,0
20110201 045912000,271.330000,271.480000,0
20110201 045913000,271.340000,271.490000,0
20110201 045913000,271.330000,271.480000,0
20110201 045914000,271.340000,271.490000,0
20110201 045914000,271.330000,271.480000,0
20110201 045914000,271.340000,271.490000,0
20110201 045914000,271.330000,271.480000,0
20110201 045919000,271.340000,271.490000,0
20110201 045920000,271.350000,271.500000,0
20110201 045933000,271.360000,271.510000,0
20110201 045934000,271.350000,271.500000,0
20110201 045935000,271.360000,271.510000,0
20110201 045938000,271.350000,271.500000,0
20110201 045939000,271.360000,271.510000,0
20110201 045943000,271.420000,271.570000,0
20110201 045945000,271.430000,271.580000,0
20110201 045945000,271.420000,271.570000,0
20110201 045947000,271.430000,271.580000,0
20110201 045947000,271.420000,271.570000,0
20110201 045949000,271.430000,271.580000,0
20110201 045951000,271.440000,271.590000,0
20110201 050002000,271.430000,271.580000,0
20110201 050005000,271.380000,271.530000,0
20110201 050235000,271.430000,271.580000,0
20110201 050305000,271.470000,271.620000,0
20110201 050305000,271.480000,271.630000,0
20110201 050325000,271.430000,271.580000,0
20110201 050334000,271.470000,271.620000,0
20110201 050335000,271.480000,271.630000,0
20110201 050353000,271.470000,271.620000,0
20110201 050354000,271.430000,271.580000,0
20110201 050406000,271.390000,271.540000,0
20110201 050406000,271.380000,271.530000,0
20110201 050452000,271.360000,271.510000,0
20110201 050453000,271.350000,271.500000,0
20110201 050455000,271.360000,271.510000,0
20110201 050455000,271.370000,271.520000,0
20110201 050455000,271.380000,271.530000,0
20110201 050505000,271.360000,271.510000,0
20110201 050525000,271.330000,271.480000,0
20110201 050527000,271.300000,271.450000,0
20110201 050528000,271.310000,271.460000,0
20110201 050534000,271.300000,271.450000,0
20110201 050534000,271.330000,271.480000,0
20110201 050538000,271.360000,271.510000,0
20110201 050538000,271.380000,271.530000,0
20110201 050542000,271.370000,271.520000,0
20110201 050543000,271.330000,271.480000,0
20110201 050545000,271.360000,271.510000,0
20110201 050546000,271.380000,271.530000,0
20110201 050549000,271.330000,271.480000,0
20110201 050558000,271.370000,271.520000,0
20110201 050558000,271.380000,271.530000,0
20110201 050600000,271.370000,271.520000,0
20110201 050600000,271.330000,271.480000,0
20110201 050603000,271.380000,271.530000,0
20110201 050606000,271.370000,271.520000,0
20110201 050607000,271.360000,271.510000,0
20110201 050609000,271.350000,271.500000,0
20110201 050611000,271.370000,271.520000,0
20110201 050611000,271.380000,271.530000,0
20110201 050617000,271.370000,271.520000,0
20110201 050617000,271.360000,271.510000,0
20110201 050624000,271.370000,271.520000,0
20110201 050625000,271.380000,271.530000,0
20110201 050652000,271.370000,271.520000,0
20110201 050653000,271.360000,271.510000,0
20110201 050656000,271.370000,271.520000,0
20110201 050656000,271.380000,271.530000,0
20110201 050710000,271.410000,271.560000,0
20110201 050714000,271.380000,271.530000,0
20110201 050747000,271.450000,271.600000,0
20110201 050751000,271.410000,271.560000,0
20110201 050757000,271.450000,271.600000,0
20110201 050816000,271.460000,271.610000,0
20110201 050817000,271.470000,271.620000,0
20110201 050817000,271.480000,271.630000,0
20110201 050822000,271.470000,271.620000,0
20110201 050822000,271.450000,271.600000,0
20110201 050828000,271.470000,271.620000,0
20110201 050828000,271.480000,271.630000,0
20110201 050831000,271.470000,271.620000,0
20110201 050831000,271.430000,271.580000,0
20110201 050833000,271.400000,271.550000,0
20110201 050835000,271.410000,271.560000,0
20110201 050836000,271.430000,271.580000,0
20110201 050839000,271.410000,271.560000,0
20110201 050839000,271.400000,271.550000,0
20110201 050841000,271.410000,271.560000,0
20110201 050841000,271.430000,271.580000,0
20110201 050842000,271.400000,271.550000,0
20110201 050844000,271.420000,271.570000,0
20110201 050845000,271.430000,271.580000,0
20110201 050845000,271.410000,271.560000,0
20110201 050846000,271.400000,271.550000,0
20110201 050857000,271.420000,271.570000,0
20110201 050858000,271.430000,271.580000,0
20110201 050902000,271.670000,271.820000,0
20110201 050909000,271.650000,271.800000,0
20110201 050909000,271.610000,271.760000,0
20110201 050909000,271.460000,271.610000,0
20110201 050910000,271.450000,271.600000,0
20110201 050914000,271.500000,271.650000,0
20110201 050920000,271.530000,271.680000,0
20110201 051052000,271.520000,271.670000,0
20110201 051108000,271.500000,271.650000,0
20110201 051108000,271.470000,271.620000,0
20110201 051108000,271.450000,271.600000,0
20110201 051118000,271.430000,271.580000,0
20110201 051127000,271.440000,271.590000,0
20110201 051127000,271.460000,271.610000,0
20110201 051130000,271.430000,271.580000,0
20110201 051131000,271.480000,271.630000,0
20110201 051133000,271.440000,271.590000,0
20110201 051133000,271.380000,271.530000,0
20110201 051134000,271.350000,271.500000,0
20110201 051135000,271.340000,271.490000,0
20110201 051135000,271.330000,271.480000,0
20110201 051138000,271.310000,271.460000,0
20110201 051139000,271.300000,271.450000,0
20110201 051144000,271.310000,271.460000,0
20110201 051144000,271.320000,271.470000,0
20110201 051144000,271.330000,271.480000,0
20110201 051148000,271.310000,271.460000,0
20110201 051148000,271.300000,271.450000,0
20110201 051209000,271.290000,271.440000,0
20110201 051209000,271.280000,271.430000,0
20110201 051241000,271.290000,271.440000,0
20110201 051241000,271.300000,271.450000,0
20110201 051242000,271.290000,271.440000,0
20110201 051242000,271.260000,271.410000,0
20110201 051249000,271.230000,271.380000,0
20110201 051250000,271.250000,271.400000,0
20110201 051255000,271.240000,271.390000,0
20110201 051257000,271.250000,271.400000,0
20110201 051259000,271.240000,271.390000,0
20110201 051303000,271.250000,271.400000,0
20110201 051303000,271.230000,271.380000,0
20110201 051304000,271.220000,271.370000,0
20110201 051304000,271.210000,271.360000,0
20110201 051304000,271.200000,271.350000,0
20110201 051414000,271.220000,271.370000,0
20110201 051414000,271.230000,271.380000,0
20110201 051415000,271.220000,271.370000,0
20110201 051416000,271.210000,271.360000,0
20110201 051416000,271.200000,271.350000,0
20110201 051420000,271.220000,271.370000,0
20110201 051420000,271.230000,271.380000,0
20110201 051423000,271.210000,271.360000,0
20110201 051423000,271.200000,271.350000,0
20110201 051424000,271.220000,271.370000,0
20110201 051424000,271.230000,271.380000,0
20110201 051426000,271.220000,271.370000,0
20110201 051427000,271.210000,271.360000,0
20110201 051427000,271.200000,271.350000,0
20110201 051529000,271.190000,271.340000,0
20110201 051529000,271.080000,271.230000,0
20110201 051534000,271.060000,271.210000,0
20110201 051540000,271.070000,271.220000,0
20110201 051541000,271.080000,271.230000,0
20110201 051704000,271.090000,271.240000,0
20110201 051704000,271.100000,271.250000,0
20110201 051723000,271.160000,271.310000,0
20110201 051727000,271.170000,271.320000,0
20110201 051728000,271.180000,271.330000,0
20110201 051728000,271.170000,271.320000,0
20110201 051728000,271.160000,271.310000,0
20110201 051728000,271.150000,271.300000,0
20110201 051732000,271.170000,271.320000,0
20110201 051732000,271.180000,271.330000,0
20110201 051740000,271.170000,271.320000,0
20110201 051740000,271.160000,271.310000,0
20110201 051741000,271.150000,271.300000,0
20110201 051745000,271.170000,271.320000,0
20110201 051746000,271.180000,271.330000,0
20110201 051825000,271.190000,271.340000,0
20110201 051826000,271.200000,271.350000,0
20110201 051826000,271.210000,271.360000,0
20110201 051828000,271.200000,271.350000,0
20110201 051828000,271.180000,271.330000,0
20110201 051845000,271.200000,271.350000,0
20110201 051846000,271.210000,271.360000,0
20110201 051850000,271.230000,271.380000,0
20110201 051858000,271.210000,271.360000,0
20110201 051918000,271.230000,271.380000,0
20110201 051923000,271.210000,271.360000,0
20110201 051928000,271.180000,271.330000,0
20110201 052008000,271.200000,271.350000,0
20110201 052011000,271.190000,271.340000,0
20110201 052011000,271.180000,271.330000,0
20110201 052025000,271.210000,271.360000,0
20110201 052039000,271.180000,271.330000,0
20110201 052116000,271.190000,271.340000,0
20110201 052116000,271.210000,271.360000,0
20110201 052121000,271.190000,271.340000,0
20110201 052122000,271.180000,271.330000,0
20110201 052123000,271.210000,271.360000,0
20110201 052125000,271.190000,271.340000,0
20110201 052126000,271.180000,271.330000,0
20110201 052133000,271.210000,271.360000,0
20110201 052135000,271.190000,271.340000,0
20110201 052135000,271.180000,271.330000,0
20110201 052147000,271.250000,271.400000,0
20110201 052147000,271.210000,271.360000,0
20110201 052151000,271.220000,271.370000,0
20110201 052158000,271.190000,271.340000,0
20110201 052203000,271.200000,271.350000,0
20110201 052203000,271.220000,271.370000,0
20110201 052204000,271.230000,271.380000,0
20110201 052208000,271.220000,271.370000,0
20110201 052208000,271.210000,271.360000,0
20110201 052208000,271.200000,271.350000,0
20110201 052212000,271.210000,271.360000,0
20110201 052216000,271.220000,271.370000,0
20110201 052216000,271.250000,271.400000,0
20110201 052219000,271.260000,271.410000,0
20110201 052219000,271.270000,271.420000,0
20110201 052219000,271.280000,271.430000,0
20110201 052220000,271.270000,271.420000,0
20110201 052220000,271.260000,271.410000,0
20110201 052222000,271.230000,271.380000,0
20110201 052234000,271.260000,271.410000,0
20110201 052236000,271.250000,271.400000,0
20110201 052257000,271.240000,271.390000,0
20110201 052258000,271.230000,271.380000,0
20110201 052301000,271.240000,271.390000,0
20110201 052301000,271.260000,271.410000,0
20110201 052301000,271.270000,271.420000,0
20110201 052315000,271.260000,271.410000,0
20110201 052315000,271.230000,271.380000,0
20110201 052321000,271.270000,271.420000,0
20110201 052322000,271.280000,271.430000,0
20110201 052326000,271.250000,271.400000,0
20110201 052330000,271.290000,271.440000,0
20110201 052333000,271.250000,271.400000,0
20110201 052336000,271.280000,271.430000,0
20110201 052337000,271.300000,271.450000,0
20110201 052337000,271.310000,271.460000,0
20110201 052341000,271.350000,271.500000,0
20110201 052341000,271.360000,271.510000,0
20110201 052342000,271.330000,271.480000,0
20110201 052342000,271.300000,271.450000,0
20110201 052343000,271.290000,271.440000,0
20110201 052345000,271.250000,271.400000,0
20110201 052345000,271.240000,271.390000,0
20110201 052350000,271.250000,271.400000,0
20110201 052353000,271.300000,271.450000,0
20110201 052358000,271.340000,271.490000,0
20110201 052359000,271.300000,271.450000,0
20110201 052359000,271.290000,271.440000,0
20110201 052401000,271.350000,271.500000,0
20110201 052415000,271.300000,271.450000,0
20110201 052559000,271.350000,271.500000,0
20110201 052614000,271.360000,271.510000,0
20110201 052614000,271.370000,271.520000,0
20110201 052630000,271.380000,271.530000,0
20110201 052645000,271.360000,271.510000,0
20110201 052713000,271.350000,271.500000,0
20110201 052744000,271.370000,271.520000,0
20110201 052750000,271.350000,271.500000,0
20110201 052825000,271.360000,271.510000,0
20110201 052833000,271.340000,271.490000,0
20110201 052834000,271.330000,271.480000,0
20110201 052848000,271.340000,271.490000,0
20110201 052938000,271.360000,271.510000,0
20110201 052939000,271.400000,271.550000,0
20110201 052940000,271.380000,271.530000,0
20110201 052941000,271.390000,271.540000,0
20110201 052946000,271.400000,271.550000,0
20110201 052955000,271.380000,271.530000,0
20110201 052956000,271.420000,271.570000,0
20110201 052958000,271.410000,271.560000,0
20110201 052958000,271.380000,271.530000,0
20110201 053139000,271.450000,271.600000,0
20110201 053156000,271.460000,271.610000,0
20110201 053156000,271.550000,271.700000,0
20110201 053157000,271.670000,271.820000,0
20110201 053159000,271.630000,271.780000,0
20110201 053159000,271.540000,271.690000,0
20110201 053159000,271.530000,271.680000,0
20110201 053204000,271.520000,271.670000,0
20110201 053204000,271.500000,271.650000,0
20110201 053210000,271.490000,271.640000,0
20110201 053210000,271.460000,271.610000,0
20110201 053212000,271.470000,271.620000,0
20110201 053230000,271.460000,271.610000,0
20110201 053230000,271.470000,271.620000,0
20110201 053230000,271.480000,271.630000,0
20110201 053301000,271.490000,271.640000,0
20110201 053302000,271.500000,271.650000,0
20110201 053307000,271.490000,271.640000,0
20110201 053308000,271.480000,271.630000,0
20110201 053340000,271.500000,271.650000,0
20110201 053346000,271.490000,271.640000,0
20110201 053346000,271.480000,271.630000,0
20110201 053416000,271.470000,271.620000,0
20110201 053416000,271.430000,271.580000,0
20110201 053442000,271.440000,271.590000,0
20110201 053603000,271.410000,271.560000,0
20110201 053807000,271.440000,271.590000,0
20110201 054058000,271.450000,271.600000,0
20110201 054107000,271.440000,271.590000,0
20110201 054107000,271.430000,271.580000,0
20110201 054208000,271.440000,271.590000,0
20110201 054458000,271.430000,271.580000,0
20110201 054646000,271.460000,271.610000,0
20110201 054705000,271.430000,271.580000,0
20110201 054710000,271.440000,271.590000,0
20110201 054721000,271.420000,271.570000,0
20110201 054722000,271.430000,271.580000,0
20110201 054722000,271.420000,271.570000,0
20110201 054725000,271.410000,271.560000,0
20110201 054726000,271.420000,271.570000,0
20110201 054727000,271.410000,271.560000,0
20110201 054727000,271.400000,271.550000,0
20110201 054728000,271.370000,271.520000,0
20110201 054737000,271.390000,271.540000,0
20110201 054739000,271.430000,271.580000,0
20110201 054740000,271.410000,271.560000,0
20110201 054740000,271.400000,271.550000,0
20110201 054801000,271.410000,271.560000,0
20110201 054802000,271.400000,271.550000,0
20110201 054802000,271.380000,271.530000,0
20110201 054803000,271.370000,271.520000,0
20110201 054928000,271.360000,271.510000,0
20110201 054942000,271.270000,271.420000,0
20110201 055020000,271.300000,271.450000,0
20110201 055055000,271.270000,271.420000,0
20110201 055111000,271.300000,271.450000,0
20110201 055112000,271.310000,271.460000,0
20110201 055112000,271.300000,271.450000,0
20110201 055113000,271.290000,271.440000,0
20110201 055114000,271.270000,271.420000,0
20110201 055435000,271.250000,271.400000,0
20110201 055439000,271.240000,271.390000,0
20110201 055439000,271.230000,271.380000,0
20110201 055439000,271.220000,271.370000,0
20110201 055445000,271.210000,271.360000,0
20110201 055454000,271.190000,271.340000,0
20110201 055552000,271.180000,271.330000,0
20110201 055553000,271.160000,271.310000,0
20110201 055615000,271.180000,271.330000,0
20110201 055616000,271.190000,271.340000,0
20110201 060008000,271.150000,271.300000,0
20110201 060021000,271.160000,271.310000,0
20110201 060022000,271.150000,271.300000,0
20110201 060032000,271.160000,271.310000,0
20110201 060115000,271.170000,271.320000,0
20110201 060137000,271.180000,271.330000,0
20110201 060140000,271.160000,271.310000,0
20110201 060142000,271.150000,271.300000,0
20110201 060146000,271.190000,271.340000,0
20110201 060147000,271.180000,271.330000,0
20110201 060231000,271.190000,271.340000,0
20110201 060233000,271.180000,271.330000,0
20110201 060235000,271.190000,271.340000,0
20110201 060237000,271.180000,271.330000,0
20110201 060242000,271.200000,271.350000,0
20110201 060242000,271.190000,271.340000,0
20110201 060243000,271.200000,271.350000,0
20110201 060243000,271.190000,271.340000,0
20110201 060308000,271.200000,271.350000,0
20110201 060308000,271.190000,271.340000,0
20110201 060326000,271.180000,271.330000,0
20110201 060326000,271.190000,271.340000,0
20110201 060429000,271.180000,271.330000,0
20110201 060540000,271.190000,271.340000,0
20110201 060544000,271.180000,271.330000,0
20110201 060555000,271.190000,271.340000,0
20110201 060628000,271.180000,271.330000,0
20110201 060649000,271.190000,271.340000,0
20110201 060649000,271.200000,271.350000,0
20110201 060650000,271.210000,271.360000,0
20110201 060657000,271.180000,271.330000,0
20110201 060658000,271.190000,271.340000,0
20110201 060713000,271.210000,271.360000,0
20110201 060714000,271.220000,271.370000,0
20110201 060714000,271.210000,271.360000,0
20110201 060721000,271.240000,271.390000,0
20110201 060721000,271.250000,271.400000,0
20110201 060722000,271.270000,271.420000,0
20110201 060724000,271.280000,271.430000,0
20110201 060724000,271.290000,271.440000,0
20110201 060743000,271.260000,271.410000,0
20110201 060802000,271.230000,271.380000,0
20110201 060806000,271.250000,271.400000,0
20110201 060806000,271.260000,271.410000,0
20110201 060808000,271.240000,271.390000,0
20110201 060811000,271.260000,271.410000,0
20110201 060813000,271.250000,271.400000,0
20110201 060850000,271.260000,271.410000,0
20110201 060900000,271.270000,271.420000,0
20110201 060901000,271.260000,271.410000,0
20110201 060903000,271.270000,271.420000,0
20110201 060929000,271.260000,271.410000,0
20110201 060931000,271.250000,271.400000,0
20110201 060931000,271.280000,271.430000,0
20110201 060932000,271.300000,271.450000,0
20110201 060933000,271.290000,271.440000,0
20110201 060934000,271.300000,271.450000,0
20110201 060952000,271.310000,271.460000,0
20110201 060958000,271.300000,271.450000,0
20110201 060958000,271.310000,271.460000,0
20110201 061003000,271.300000,271.450000,0
20110201 061004000,271.290000,271.440000,0
20110201 061051000,271.310000,271.460000,0
20110201 061209000,271.300000,271.450000,0
20110201 061343000,271.260000,271.410000,0
20110201 061343000,271.220000,271.370000,0
20110201 061343000,271.180000,271.330000,0
20110201 061344000,271.240000,271.390000,0
20110201 061345000,271.230000,271.380000,0
20110201 061345000,271.240000,271.390000,0
20110201 061346000,271.250000,271.400000,0
20110201 061347000,271.240000,271.390000,0
20110201 061352000,271.230000,271.380000,0
20110201 061354000,271.220000,271.370000,0
20110201 061354000,271.240000,271.390000,0
20110201 061357000,271.250000,271.400000,0
20110201 061400000,271.240000,271.390000,0
20110201 061400000,271.250000,271.400000,0
20110201 061401000,271.240000,271.390000,0
20110201 061405000,271.230000,271.380000,0
20110201 061405000,271.260000,271.410000,0
20110201 061405000,271.270000,271.420000,0
20110201 061433000,271.280000,271.430000,0
20110201 061434000,271.300000,271.450000,0
20110201 061446000,271.290000,271.440000,0
20110201 061535000,271.300000,271.450000,0
20110201 061542000,271.290000,271.440000,0
20110201 061820000,271.300000,271.450000,0
20110201 061939000,271.320000,271.470000,0
20110201 062109000,271.310000,271.460000,0
20110201 062146000,271.320000,271.470000,0
20110201 062147000,271.310000,271.460000,0
20110201 062240000,271.280000,271.430000,0
20110201 062248000,271.260000,271.410000,0
20110201 062249000,271.270000,271.420000,0
20110201 062253000,271.240000,271.390000,0
20110201 062253000,271.210000,271.360000,0
20110201 062253000,271.200000,271.350000,0
20110201 062350000,271.260000,271.410000,0
20110201 062355000,271.210000,271.360000,0
20110201 062355000,271.140000,271.290000,0
20110201 062356000,271.240000,271.390000,0
20110201 062356000,271.230000,271.380000,0
20110201 062358000,271.190000,271.340000,0
20110201 062358000,271.160000,271.310000,0
20110201 062358000,271.150000,271.300000,0
20110201 062358000,271.140000,271.290000,0
20110201 062400000,271.130000,271.280000,0
20110201 062401000,271.230000,271.380000,0
20110201 062402000,271.240000,271.390000,0
20110201 062403000,271.230000,271.380000,0
20110201 062405000,271.190000,271.340000,0
20110201 062405000,271.160000,271.310000,0
20110201 062405000,271.150000,271.300000,0
20110201 062405000,271.140000,271.290000,0
20110201 062407000,271.220000,271.370000,0
20110201 062407000,271.230000,271.380000,0
20110201 062408000,271.240000,271.390000,0
20110201 062410000,271.230000,271.380000,0
20110201 062410000,271.200000,271.350000,0
20110201 062410000,271.160000,271.310000,0
20110201 062410000,271.150000,271.300000,0
20110201 062411000,271.140000,271.290000,0
20110201 062412000,271.150000,271.300000,0
20110201 062412000,271.130000,271.280000,0
20110201 062416000,271.120000,271.270000,0
20110201 062416000,271.210000,271.360000,0
20110201 062416000,271.230000,271.380000,0
20110201 062419000,271.240000,271.390000,0
20110201 062420000,271.250000,271.400000,0
20110201 062421000,271.240000,271.390000,0
20110201 062421000,271.250000,271.400000,0
20110201 062422000,271.240000,271.390000,0
20110201 062423000,271.250000,271.400000,0
20110201 062433000,271.240000,271.390000,0
20110201 062434000,271.250000,271.400000,0
20110201 062435000,271.260000,271.410000,0
20110201 062436000,271.250000,271.400000,0
20110201 062438000,271.280000,271.430000,0
20110201 062438000,271.270000,271.420000,0
20110201 062438000,271.260000,271.410000,0
20110201 062439000,271.270000,271.420000,0
20110201 062440000,271.290000,271.440000,0
20110201 062440000,271.280000,271.430000,0
20110201 062449000,271.240000,271.390000,0
20110201 062449000,271.170000,271.320000,0
20110201 062449000,271.160000,271.310000,0
20110201 062450000,271.170000,271.320000,0
20110201 062450000,271.160000,271.310000,0
20110201 062451000,271.140000,271.290000,0
20110201 062451000,271.250000,271.400000,0
20110201 062452000,271.260000,271.410000,0
20110201 062452000,271.250000,271.400000,0
20110201 062453000,271.260000,271.410000,0
20110201 062453000,271.270000,271.420000,0
20110201 062455000,271.290000,271.440000,0
20110201 062455000,271.280000,271.430000,0
20110201 062455000,271.290000,271.440000,0
20110201 062456000,271.230000,271.380000,0
20110201 062456000,271.200000,271.350000,0
20110201 062456000,271.180000,271.330000,0
20110201 062457000,271.170000,271.320000,0
20110201 062501000,271.150000,271.300000,0
20110201 062501000,271.140000,271.290000,0
20110201 062509000,271.130000,271.280000,0
20110201 062531000,271.140000,271.290000,0
20110201 062542000,271.130000,271.280000,0
20110201 062554000,271.140000,271.290000,0
20110201 062557000,271.130000,271.280000,0
20110201 062557000,271.140000,271.290000,0
20110201 062607000,271.150000,271.300000,0
20110201 062610000,271.140000,271.290000,0
20110201 062610000,271.130000,271.280000,0
20110201 062612000,271.110000,271.260000,0
20110201 062612000,271.160000,271.310000,0
20110201 062613000,271.180000,271.330000,0
20110201 062614000,271.210000,271.360000,0
20110201 062615000,271.180000,271.330000,0
20110201 062616000,271.150000,271.300000,0
20110201 062616000,271.130000,271.280000,0
20110201 062627000,271.120000,271.270000,0
20110201 062638000,271.130000,271.280000,0
20110201 062639000,271.120000,271.270000,0
20110201 062639000,271.130000,271.280000,0
20110201 062658000,271.200000,271.350000,0
20110201 062659000,271.230000,271.380000,0
20110201 062705000,271.170000,271.320000,0
20110201 062705000,271.160000,271.310000,0
20110201 062713000,271.140000,271.290000,0
20110201 062713000,271.130000,271.280000,0
20110201 062716000,271.120000,271.270000,0
20110201 062720000,271.130000,271.280000,0
20110201 062724000,271.140000,271.290000,0
20110201 062724000,271.150000,271.300000,0
20110201 062728000,271.180000,271.330000,0
20110201 062747000,271.120000,271.270000,0
20110201 062748000,271.110000,271.260000,0
20110201 062749000,271.100000,271.250000,0
20110201 062749000,271.150000,271.300000,0
20110201 062753000,271.160000,271.310000,0
20110201 062753000,271.150000,271.300000,0
20110201 062754000,271.160000,271.310000,0
20110201 062757000,271.150000,271.300000,0
20110201 062819000,271.160000,271.310000,0
20110201 062820000,271.180000,271.330000,0
20110201 062826000,271.160000,271.310000,0
20110201 062838000,271.180000,271.330000,0
20110201 062907000,271.110000,271.260000,0
20110201 062913000,271.160000,271.310000,0
20110201 062919000,271.140000,271.290000,0
20110201 062957000,271.130000,271.280000,0
20110201 063006000,271.200000,271.350000,0
20110201 063010000,271.170000,271.320000,0
20110201 063012000,271.140000,271.290000,0
20110201 063014000,271.150000,271.300000,0
20110201 063015000,271.180000,271.330000,0
20110201 063016000,271.160000,271.310000,0
20110201 063019000,271.150000,271.300000,0
20110201 063019000,271.190000,271.340000,0
20110201 063021000,271.110000,271.260000,0
20110201 063022000,271.100000,271.250000,0
20110201 063023000,271.150000,271.300000,0
20110201 063024000,271.170000,271.320000,0
20110201 063028000,271.180000,271.330000,0
20110201 063043000,271.120000,271.270000,0
20110201 063046000,271.170000,271.320000,0
20110201 063057000,271.150000,271.300000,0
20110201 063103000,271.050000,271.200000,0
20110201 063103000,271.010000,271.160000,0
20110201 063103000,271.020000,271.170000,0
20110201 063104000,271.110000,271.260000,0
20110201 063104000,271.140000,271.290000,0
20110201 063104000,271.160000,271.310000,0
20110201 063105000,271.170000,271.320000,0
20110201 063105000,271.200000,271.350000,0
20110201 063106000,271.220000,271.370000,0
20110201 063110000,271.240000,271.390000,0
20110201 063126000,271.170000,271.320000,0
20110201 063127000,271.140000,271.290000,0
20110201 063128000,271.130000,271.280000,0
20110201 063132000,271.140000,271.290000,0
20110201 063133000,271.130000,271.280000,0
20110201 063210000,271.120000,271.270000,0
20110201 063210000,271.130000,271.280000,0
20110201 063210000,271.120000,271.270000,0
20110201 063212000,271.130000,271.280000,0
20110201 063218000,271.120000,271.270000,0
20110201 063225000,271.130000,271.280000,0
20110201 063226000,271.120000,271.270000,0
20110201 063234000,271.130000,271.280000,0
20110201 063304000,271.140000,271.290000,0
20110201 063305000,271.130000,271.280000,0
20110201 063319000,271.140000,271.290000,0
20110201 063354000,271.150000,271.300000,0
20110201 063358000,271.140000,271.290000,0
20110201 063405000,271.150000,271.300000,0
20110201 063421000,271.190000,271.340000,0
20110201 063510000,271.200000,271.350000,0
20110201 063527000,271.190000,271.340000,0
20110201 063534000,271.180000,271.330000,0
20110201 063552000,271.160000,271.310000,0
20110201 063632000,271.180000,271.330000,0
20110201 063635000,271.170000,271.320000,0
20110201 063637000,271.180000,271.330000,0
20110201 063639000,271.120000,271.270000,0
20110201 063640000,271.110000,271.260000,0
20110201 063643000,271.120000,271.270000,0
20110201 063645000,271.110000,271.260000,0
20110201 063659000,271.100000,271.250000,0
20110201 063702000,271.110000,271.260000,0
20110201 063705000,271.120000,271.270000,0
20110201 063707000,271.130000,271.280000,0
20110201 063708000,271.120000,271.270000,0
20110201 063708000,271.130000,271.280000,0
20110201 063708000,271.120000,271.270000,0
20110201 063708000,271.110000,271.260000,0
20110201 063721000,271.100000,271.250000,0
20110201 063721000,271.110000,271.260000,0
20110201 063726000,271.100000,271.250000,0
20110201 063748000,271.110000,271.260000,0
20110201 063752000,271.100000,271.250000,0
20110201 063756000,271.110000,271.260000,0
20110201 063812000,271.100000,271.250000,0
20110201 063835000,271.110000,271.260000,0
20110201 063851000,271.120000,271.270000,0
20110201 063902000,271.110000,271.260000,0
20110201 063903000,271.120000,271.270000,0
20110201 063907000,271.110000,271.260000,0
20110201 063908000,271.120000,271.270000,0
20110201 063932000,271.160000,271.310000,0
20110201 063936000,271.170000,271.320000,0
20110201 063943000,271.180000,271.330000,0
20110201 063944000,271.170000,271.320000,0
20110201 063945000,271.160000,271.310000,0
20110201 063946000,271.190000,271.340000,0
20110201 064011000,271.160000,271.310000,0
20110201 064018000,271.150000,271.300000,0
20110201 064152000,271.160000,271.310000,0
20110201 064152000,271.150000,271.300000,0
20110201 064153000,271.160000,271.310000,0
20110201 064157000,271.150000,271.300000,0
20110201 064251000,271.140000,271.290000,0
20110201 064253000,271.150000,271.300000,0
20110201 064255000,271.160000,271.310000,0
20110201 064255000,271.150000,271.300000,0
20110201 064256000,271.160000,271.310000,0
20110201 064256000,271.150000,271.300000,0
20110201 064302000,271.160000,271.310000,0
20110201 064302000,271.150000,271.300000,0
20110201 064303000,271.160000,271.310000,0
20110201 064304000,271.150000,271.300000,0
20110201 064304000,271.160000,271.310000,0
20110201 064304000,271.150000,271.300000,0
20110201 064305000,271.160000,271.310000,0
20110201 064307000,271.150000,271.300000,0
20110201 064311000,271.160000,271.310000,0
20110201 064311000,271.150000,271.300000,0
20110201 064313000,271.160000,271.310000,0
20110201 064320000,271.150000,271.300000,0
20110201 064320000,271.160000,271.310000,0
20110201 064333000,271.150000,271.300000,0
20110201 064333000,271.160000,271.310000,0
20110201 064357000,271.150000,271.300000,0
20110201 064359000,271.160000,271.310000,0
20110201 064401000,271.150000,271.300000,0
20110201 064402000,271.160000,271.310000,0
20110201 064402000,271.150000,271.300000,0
20110201 064406000,271.160000,271.310000,0
20110201 064408000,271.150000,271.300000,0
20110201 064420000,271.160000,271.310000,0
20110201 064420000,271.150000,271.300000,0
20110201 064426000,271.160000,271.310000,0
20110201 064429000,271.150000,271.300000,0
20110201 064430000,271.140000,271.290000,0
20110201 064439000,271.150000,271.300000,0
20110201 064445000,271.140000,271.290000,0
20110201 064445000,271.150000,271.300000,0
20110201 064447000,271.160000,271.310000,0
20110201 064448000,271.170000,271.320000,0
20110201 064448000,271.160000,271.310000,0
20110201 064532000,271.170000,271.320000,0
20110201 064553000,271.180000,271.330000,0
20110201 064610000,271.160000,271.310000,0
20110201 064610000,271.190000,271.340000,0
20110201 064611000,271.200000,271.350000,0
20110201 064632000,271.190000,271.340000,0
20110201 064634000,271.200000,271.350000,0
20110201 064637000,271.190000,271.340000,0
20110201 064638000,271.200000,271.350000,0
20110201 064642000,271.190000,271.340000,0
20110201 064736000,271.210000,271.360000,0
20110201 064844000,271.220000,271.370000,0
20110201 064845000,271.210000,271.360000,0
20110201 064845000,271.220000,271.370000,0
20110201 064845000,271.210000,271.360000,0
20110201 064846000,271.220000,271.370000,0
20110201 064851000,271.210000,271.360000,0
20110201 064851000,271.220000,271.370000,0
20110201 064852000,271.210000,271.360000,0
20110201 064942000,271.220000,271.370000,0
20110201 064948000,271.210000,271.360000,0
20110201 064948000,271.220000,271.370000,0
20110201 064949000,271.210000,271.360000,0
20110201 064950000,271.220000,271.370000,0
20110201 065000000,271.230000,271.380000,0
20110201 065009000,271.220000,271.370000,0
20110201 065011000,271.230000,271.380000,0
20110201 065014000,271.220000,271.370000,0
20110201 065014000,271.230000,271.380000,0
20110201 065017000,271.220000,271.370000,0
20110201 065021000,271.230000,271.380000,0
20110201 065022000,271.220000,271.370000,0
20110201 065022000,271.230000,271.380000,0
20110201 065029000,271.210000,271.360000,0
20110201 065029000,271.290000,271.440000,0
20110201 065119000,271.220000,271.370000,0
20110201 065119000,271.210000,271.360000,0
20110201 065238000,271.220000,271.370000,0
20110201 065239000,271.210000,271.360000,0
20110201 065242000,271.220000,271.370000,0
20110201 065243000,271.210000,271.360000,0
20110201 065431000,271.220000,271.370000,0
20110201 065431000,271.300000,271.450000,0
20110201 065720000,271.330000,271.480000,0
20110201 065822000,271.380000,271.530000,0
20110201 065834000,271.350000,271.500000,0
20110201 065837000,271.280000,271.430000,0
20110201 065837000,271.310000,271.460000,0
20110201 065843000,271.330000,271.480000,0
20110201 065847000,271.320000,271.470000,0
20110201 065933000,271.310000,271.460000,0
20110201 070055000,271.280000,271.430000,0
20110201 070225000,271.190000,271.340000,0
20110201 070226000,271.240000,271.390000,0
20110201 070239000,271.230000,271.380000,0
20110201 070302000,271.210000,271.360000,0
20110201 070302000,271.170000,271.320000,0
20110201 070346000,271.150000,271.300000,0
20110201 070353000,271.170000,271.320000,0
20110201 070357000,271.150000,271.300000,0
20110201 070359000,271.200000,271.350000,0
20110201 070403000,271.190000,271.340000,0
20110201 070404000,271.110000,271.260000,0
20110201 070404000,271.100000,271.250000,0
20110201 070405000,271.080000,271.230000,0
20110201 070405000,271.070000,271.220000,0
20110201 070408000,271.060000,271.210000,0
20110201 070419000,271.150000,271.300000,0
20110201 070420000,271.180000,271.330000,0
20110201 070454000,271.160000,271.310000,0
20110201 070455000,271.150000,271.300000,0
20110201 070546000,271.130000,271.280000,0
20110201 070552000,271.110000,271.260000,0
20110201 070552000,271.100000,271.250000,0
20110201 070654000,271.120000,271.270000,0
20110201 070654000,271.130000,271.280000,0
20110201 070655000,271.120000,271.270000,0
20110201 070655000,271.100000,271.250000,0
20110201 070656000,271.050000,271.200000,0
20110201 070705000,271.060000,271.210000,0
20110201 070705000,271.080000,271.230000,0
20110201 070707000,271.090000,271.240000,0
20110201 070743000,271.070000,271.220000,0
20110201 070753000,271.090000,271.240000,0
20110201 071037000,271.080000,271.230000,0
20110201 071118000,271.070000,271.220000,0
20110201 071150000,271.100000,271.250000,0
20110201 071152000,271.080000,271.230000,0
20110201 071201000,271.100000,271.250000,0
20110201 071214000,271.130000,271.280000,0
20110201 071217000,271.100000,271.250000,0
20110201 071218000,271.130000,271.280000,0
20110201 071223000,271.110000,271.260000,0
20110201 071223000,271.100000,271.250000,0
20110201 071225000,271.130000,271.280000,0
20110201 071226000,271.150000,271.300000,0
20110201 071227000,271.130000,271.280000,0
20110201 071239000,271.160000,271.310000,0
20110201 071240000,271.150000,271.300000,0
20110201 071243000,271.200000,271.350000,0
20110201 071256000,271.250000,271.400000,0
20110201 071311000,271.200000,271.350000,0
20110201 071437000,271.180000,271.330000,0
20110201 071512000,271.220000,271.370000,0
20110201 071513000,271.230000,271.380000,0
20110201 071534000,271.200000,271.350000,0
20110201 071538000,271.150000,271.300000,0
20110201 071608000,271.120000,271.270000,0
20110201 071615000,271.200000,271.350000,0
20110201 071617000,271.180000,271.330000,0
20110201 071618000,271.200000,271.350000,0
20110201 071619000,271.210000,271.360000,0
20110201 071621000,271.190000,271.340000,0
20110201 071621000,271.180000,271.330000,0
20110201 071622000,271.200000,271.350000,0
20110201 071623000,271.210000,271.360000,0
20110201 071633000,271.230000,271.380000,0
20110201 071653000,271.250000,271.400000,0
20110201 071654000,271.260000,271.410000,0
20110201 071734000,271.230000,271.380000,0
20110201 071920000,271.280000,271.430000,0
20110201 072052000,271.250000,271.400000,0
20110201 072104000,271.210000,271.360000,0
20110201 072106000,271.200000,271.350000,0
20110201 072123000,271.150000,271.300000,0
20110201 072123000,271.130000,271.280000,0
20110201 072123000,271.140000,271.290000,0
20110201 072127000,271.130000,271.280000,0
20110201 072131000,271.120000,271.270000,0
20110201 072132000,271.130000,271.280000,0
20110201 072135000,271.140000,271.290000,0
20110201 072140000,271.130000,271.280000,0
20110201 072143000,271.120000,271.270000,0
20110201 072145000,271.130000,271.280000,0
20110201 072147000,271.140000,271.290000,0
20110201 072150000,271.150000,271.300000,0
20110201 072204000,271.140000,271.290000,0
20110201 072205000,271.150000,271.300000,0
20110201 072222000,271.140000,271.290000,0
20110201 072225000,271.150000,271.300000,0
20110201 072228000,271.130000,271.280000,0
20110201 072241000,271.120000,271.270000,0
20110201 072242000,271.130000,271.280000,0
20110201 072252000,271.140000,271.290000,0
20110201 072304000,271.130000,271.280000,0
20110201 072308000,271.140000,271.290000,0
20110201 072354000,271.130000,271.280000,0
20110201 072355000,271.140000,271.290000,0
20110201 072355000,271.130000,271.280000,0
20110201 072358000,271.140000,271.290000,0
20110201 072400000,271.130000,271.280000,0
20110201 072405000,271.140000,271.290000,0
20110201 072408000,271.130000,271.280000,0
20110201 072415000,271.120000,271.270000,0
20110201 072416000,271.130000,271.280000,0
20110201 072417000,271.140000,271.290000,0
20110201 072417000,271.130000,271.280000,0
20110201 072422000,271.120000,271.270000,0
20110201 072425000,271.110000,271.260000,0
20110201 072430000,271.120000,271.270000,0
20110201 072431000,271.110000,271.260000,0
20110201 072432000,271.100000,271.250000,0
20110201 072433000,271.110000,271.260000,0
20110201 072434000,271.100000,271.250000,0
20110201 072435000,271.050000,271.200000,0
20110201 072436000,271.060000,271.210000,0
20110201 072436000,271.070000,271.220000,0
20110201 072444000,271.080000,271.230000,0
20110201 072444000,271.070000,271.220000,0
20110201 072445000,271.080000,271.230000,0
20110201 072447000,271.060000,271.210000,0
20110201 072448000,271.080000,271.230000,0
20110201 072448000,271.060000,271.210000,0
20110201 072451000,271.050000,271.200000,0
20110201 072501000,271.040000,271.190000,0
20110201 072502000,271.080000,271.230000,0
20110201 072503000,271.050000,271.200000,0
20110201 072515000,271.060000,271.210000,0
20110201 072516000,271.050000,271.200000,0
20110201 072530000,271.060000,271.210000,0
20110201 072531000,271.050000,271.200000,0
20110201 072532000,271.100000,271.250000,0
20110201 072533000,271.060000,271.210000,0
20110201 072535000,271.050000,271.200000,0
20110201 072536000,271.060000,271.210000,0
20110201 072538000,271.050000,271.200000,0
20110201 072543000,271.060000,271.210000,0
20110201 072549000,271.050000,271.200000,0
20110201 072552000,271.060000,271.210000,0
20110201 072553000,271.050000,271.200000,0
20110201 072617000,271.060000,271.210000,0
20110201 072634000,271.100000,271.250000,0
20110201 072634000,271.050000,271.200000,0
20110201 072639000,271.060000,271.210000,0
20110201 072658000,271.070000,271.220000,0
20110201 072659000,271.060000,271.210000,0
20110201 072700000,271.070000,271.220000,0
20110201 072701000,271.060000,271.210000,0
20110201 072711000,271.070000,271.220000,0
20110201 072712000,271.060000,271.210000,0
20110201 072739000,271.070000,271.220000,0
20110201 072740000,271.060000,271.210000,0
20110201 072743000,271.050000,271.200000,0
20110201 072744000,271.060000,271.210000,0
20110201 072747000,271.080000,271.230000,0
20110201 072803000,271.090000,271.240000,0
20110201 072821000,271.080000,271.230000,0
20110201 072842000,271.070000,271.220000,0
20110201 072851000,271.060000,271.210000,0
20110201 072857000,271.070000,271.220000,0
20110201 072929000,271.060000,271.210000,0
20110201 072941000,271.050000,271.200000,0
20110201 072947000,271.130000,271.280000,0
20110201 073001000,271.090000,271.240000,0
20110201 073005000,271.110000,271.260000,0
20110201 073020000,271.150000,271.300000,0
20110201 073027000,271.180000,271.330000,0
20110201 073043000,271.130000,271.280000,0
20110201 073047000,271.170000,271.320000,0
20110201 073049000,271.080000,271.230000,0
20110201 073051000,271.120000,271.270000,0
20110201 073100000,271.150000,271.300000,0
20110201 073105000,271.120000,271.270000,0
20110201 073105000,271.100000,271.250000,0
20110201 073107000,271.150000,271.300000,0
20110201 073115000,271.100000,271.250000,0
20110201 073116000,271.170000,271.320000,0
20110201 073127000,271.230000,271.380000,0
20110201 073132000,271.220000,271.370000,0
20110201 073133000,271.230000,271.380000,0
20110201 073305000,271.200000,271.350000,0
20110201 073327000,271.250000,271.400000,0
20110201 073329000,271.240000,271.390000,0
20110201 073352000,271.260000,271.410000,0
20110201 073409000,271.150000,271.300000,0
20110201 073410000,271.160000,271.310000,0
20110201 073410000,271.150000,271.300000,0
20110201 073430000,271.140000,271.290000,0
20110201 073431000,271.150000,271.300000,0
20110201 073437000,271.250000,271.400000,0
20110201 073437000,271.270000,271.420000,0
20110201 073520000,271.240000,271.390000,0
20110201 073521000,271.190000,271.340000,0
20110201 073521000,271.170000,271.320000,0
20110201 073525000,271.250000,271.400000,0
20110201 073525000,271.160000,271.310000,0
20110201 073546000,271.170000,271.320000,0
20110201 073608000,271.160000,271.310000,0
20110201 073623000,271.200000,271.350000,0
20110201 073623000,271.260000,271.410000,0
20110201 073623000,271.150000,271.300000,0
20110201 073624000,271.250000,271.400000,0
20110201 073625000,271.260000,271.410000,0
20110201 073856000,271.290000,271.440000,0
20110201 073856000,271.220000,271.370000,0
20110201 073856000,271.200000,271.350000,0
20110201 073900000,271.290000,271.440000,0
20110201 074100000,271.250000,271.400000,0
20110201 074101000,271.260000,271.410000,0
20110201 074139000,271.230000,271.380000,0
20110201 074217000,271.200000,271.350000,0
20110201 074217000,271.210000,271.360000,0
20110201 074249000,271.190000,271.340000,0
20110201 074250000,271.180000,271.330000,0
20110201 074256000,271.200000,271.350000,0
20110201 074257000,271.220000,271.370000,0
20110201 074257000,271.230000,271.380000,0
20110201 074258000,271.250000,271.400000,0
20110201 074300000,271.210000,271.360000,0
20110201 074302000,271.280000,271.430000,0
20110201 074303000,271.320000,271.470000,0
20110201 074303000,271.360000,271.510000,0
20110201 074313000,271.370000,271.520000,0
20110201 074314000,271.360000,271.510000,0
20110201 074317000,271.350000,271.500000,0
20110201 074320000,271.360000,271.510000,0
20110201 074323000,271.380000,271.530000,0
20110201 074324000,271.350000,271.500000,0
20110201 074325000,271.380000,271.530000,0
20110201 074328000,271.450000,271.600000,0
20110201 074329000,271.480000,271.630000,0
20110201 074329000,271.500000,271.650000,0
20110201 074330000,271.530000,271.680000,0
20110201 074335000,271.550000,271.700000,0
20110201 074410000,271.560000,271.710000,0
20110201 074416000,271.570000,271.720000,0
20110201 074416000,271.580000,271.730000,0
20110201 074618000,271.600000,271.750000,0
20110201 074619000,271.610000,271.760000,0
20110201 074621000,271.650000,271.800000,0
20110201 074624000,271.670000,271.820000,0
20110201 074628000,271.680000,271.830000,0
20110201 074630000,271.700000,271.850000,0
20110201 074632000,271.680000,271.830000,0
20110201 074634000,271.700000,271.850000,0
20110201 074634000,271.680000,271.830000,0
20110201 074635000,271.700000,271.850000,0
20110201 074636000,271.680000,271.830000,0
20110201 074637000,271.700000,271.850000,0
20110201 074638000,271.650000,271.800000,0
20110201 074643000,271.580000,271.730000,0
20110201 074645000,271.570000,271.720000,0
20110201 074645000,271.560000,271.710000,0
20110201 074647000,271.580000,271.730000,0
20110201 074647000,271.590000,271.740000,0
20110201 074700000,271.600000,271.750000,0
20110201 074707000,271.680000,271.830000,0
20110201 074709000,271.660000,271.810000,0
20110201 074712000,271.650000,271.800000,0
20110201 074714000,271.640000,271.790000,0
20110201 074722000,271.600000,271.750000,0
20110201 074757000,271.610000,271.760000,0
20110201 074758000,271.650000,271.800000,0
20110201 074845000,271.660000,271.810000,0
20110201 074944000,271.630000,271.780000,0
20110201 074947000,271.640000,271.790000,0
20110201 074948000,271.660000,271.810000,0
20110201 075024000,271.630000,271.780000,0
20110201 075039000,271.600000,271.750000,0
20110201 075044000,271.610000,271.760000,0
20110201 075059000,271.580000,271.730000,0
20110201 075115000,271.510000,271.660000,0
20110201 075115000,271.480000,271.630000,0
20110201 075117000,271.530000,271.680000,0
20110201 075119000,271.540000,271.690000,0
20110201 075136000,271.520000,271.670000,0
20110201 075137000,271.510000,271.660000,0
20110201 075251000,271.520000,271.670000,0
20110201 075251000,271.530000,271.680000,0
20110201 075319000,271.550000,271.700000,0
20110201 075340000,271.560000,271.710000,0
20110201 075452000,271.580000,271.730000,0
20110201 075621000,271.570000,271.720000,0
20110201 075631000,271.550000,271.700000,0
20110201 075738000,271.530000,271.680000,0
20110201 075841000,271.450000,271.600000,0
20110201 075842000,271.500000,271.650000,0
20110201 075849000,271.530000,271.680000,0
20110201 080352000,271.540000,271.690000,0
20110201 080353000,271.530000,271.680000,0
20110201 080353000,271.540000,271.690000,0
20110201 080353000,271.510000,271.660000,0
20110201 080354000,271.520000,271.670000,0
20110201 080355000,271.510000,271.660000,0
20110201 080648000,271.480000,271.630000,0
20110201 080659000,271.470000,271.620000,0
20110201 080723000,271.480000,271.630000,0
20110201 080723000,271.470000,271.620000,0
20110201 080725000,271.480000,271.630000,0
20110201 080730000,271.470000,271.620000,0
20110201 080740000,271.480000,271.630000,0
20110201 080746000,271.470000,271.620000,0
20110201 080746000,271.480000,271.630000,0
20110201 080748000,271.490000,271.640000,0
20110201 080755000,271.500000,271.650000,0
20110201 080758000,271.490000,271.640000,0
20110201 080806000,271.500000,271.650000,0
20110201 080806000,271.490000,271.640000,0
20110201 080807000,271.500000,271.650000,0
20110201 080820000,271.490000,271.640000,0
20110201 080821000,271.500000,271.650000,0
20110201 080825000,271.510000,271.660000,0
20110201 080826000,271.500000,271.650000,0
20110201 080836000,271.510000,271.660000,0
20110201 080837000,271.500000,271.650000,0
20110201 080840000,271.510000,271.660000,0
20110201 080854000,271.520000,271.670000,0
20110201 080855000,271.530000,271.680000,0
20110201 080856000,271.540000,271.690000,0
20110201 081021000,271.510000,271.660000,0
20110201 081021000,271.600000,271.750000,0
20110201 081024000,271.610000,271.760000,0
20110201 081024000,271.620000,271.770000,0
20110201 081025000,271.610000,271.760000,0
20110201 081025000,271.620000,271.770000,0
20110201 081025000,271.610000,271.760000,0
20110201 081027000,271.620000,271.770000,0
20110201 081031000,271.610000,271.760000,0
20110201 081031000,271.620000,271.770000,0
20110201 081032000,271.610000,271.760000,0
20110201 081032000,271.550000,271.700000,0
20110201 081037000,271.560000,271.710000,0
20110201 081038000,271.570000,271.720000,0
20110201 081038000,271.560000,271.710000,0
20110201 081038000,271.550000,271.700000,0
20110201 081055000,271.560000,271.710000,0
20110201 081056000,271.550000,271.700000,0
20110201 081057000,271.560000,271.710000,0
20110201 081115000,271.570000,271.720000,0
20110201 081117000,271.580000,271.730000,0
20110201 081120000,271.590000,271.740000,0
20110201 081121000,271.580000,271.730000,0
20110201 081121000,271.570000,271.720000,0
20110201 081121000,271.560000,271.710000,0
20110201 081122000,271.550000,271.700000,0
20110201 081123000,271.560000,271.710000,0
20110201 081125000,271.550000,271.700000,0
20110201 081126000,271.560000,271.710000,0
20110201 081127000,271.550000,271.700000,0
20110201 081129000,271.560000,271.710000,0
20110201 081129000,271.550000,271.700000,0
20110201 081129000,271.560000,271.710000,0
20110201 081137000,271.550000,271.700000,0
20110201 081137000,271.440000,271.590000,0
20110201 081316000,271.450000,271.600000,0
20110201 081316000,271.470000,271.620000,0
20110201 081318000,271.480000,271.630000,0
20110201 081318000,271.490000,271.640000,0
20110201 081319000,271.500000,271.650000,0
20110201 081333000,271.480000,271.630000,0
20110201 081334000,271.500000,271.650000,0
20110201 081335000,271.510000,271.660000,0
20110201 081335000,271.520000,271.670000,0
20110201 081335000,271.530000,271.680000,0
20110201 081337000,271.540000,271.690000,0
20110201 081338000,271.530000,271.680000,0
20110201 081339000,271.540000,271.690000,0
20110201 081340000,271.550000,271.700000,0
20110201 081340000,271.540000,271.690000,0
20110201 081340000,271.550000,271.700000,0
20110201 081342000,271.560000,271.710000,0
20110201 081342000,271.550000,271.700000,0
20110201 081342000,271.540000,271.690000,0
20110201 081416000,271.530000,271.680000,0
20110201 081417000,271.540000,271.690000,0
20110201 081417000,271.530000,271.680000,0
20110201 081418000,271.540000,271.690000,0
20110201 081419000,271.530000,271.680000,0
20110201 081420000,271.540000,271.690000,0
20110201 081421000,271.530000,271.680000,0
20110201 081421000,271.540000,271.690000,0
20110201 081435000,271.530000,271.680000,0
20110201 081625000,271.540000,271.690000,0
20110201 081626000,271.530000,271.680000,0
20110201 081626000,271.540000,271.690000,0
20110201 081629000,271.530000,271.680000,0
20110201 081650000,271.540000,271.690000,0
20110201 081651000,271.530000,271.680000,0
20110201 081655000,271.540000,271.690000,0
20110201 081656000,271.530000,271.680000,0
20110201 081656000,271.540000,271.690000,0
20110201 081711000,271.550000,271.700000,0
20110201 081712000,271.540000,271.690000,0
20110201 081717000,271.550000,271.700000,0
20110201 081718000,271.540000,271.690000,0
20110201 081719000,271.550000,271.700000,0
20110201 081720000,271.540000,271.690000,0
20110201 081723000,271.550000,271.700000,0
20110201 081727000,271.540000,271.690000,0
20110201 081727000,271.550000,271.700000,0
20110201 081731000,271.540000,271.690000,0
20110201 081731000,271.550000,271.700000,0
20110201 081732000,271.560000,271.710000,0
20110201 081735000,271.570000,271.720000,0
20110201 081735000,271.560000,271.710000,0
20110201 081735000,271.570000,271.720000,0
20110201 081735000,271.560000,271.710000,0
20110201 081742000,271.550000,271.700000,0
20110201 081742000,271.560000,271.710000,0
20110201 081743000,271.570000,271.720000,0
20110201 081822000,271.580000,271.730000,0
20110201 081823000,271.590000,271.740000,0
20110201 081824000,271.580000,271.730000,0
20110201 081844000,271.590000,271.740000,0
20110201 081844000,271.580000,271.730000,0
20110201 081845000,271.590000,271.740000,0
20110201 081845000,271.580000,271.730000,0
20110201 081851000,271.590000,271.740000,0
20110201 081851000,271.580000,271.730000,0
20110201 081852000,271.590000,271.740000,0
20110201 081852000,271.580000,271.730000,0
20110201 081853000,271.590000,271.740000,0
20110201 081853000,271.580000,271.730000,0
20110201 081853000,271.590000,271.740000,0
20110201 081853000,271.580000,271.730000,0
20110201 081914000,271.590000,271.740000,0
20110201 081917000,271.580000,271.730000,0
20110201 081925000,271.590000,271.740000,0
20110201 081925000,271.580000,271.730000,0
20110201 081934000,271.590000,271.740000,0
20110201 081934000,271.580000,271.730000,0
20110201 081937000,271.590000,271.740000,0
20110201 081940000,271.580000,271.730000,0
20110201 081954000,271.570000,271.720000,0
20110201 081954000,271.580000,271.730000,0
20110201 082002000,271.570000,271.720000,0
20110201 082002000,271.580000,271.730000,0
20110201 082002000,271.570000,271.720000,0
20110201 082003000,271.580000,271.730000,0
20110201 082003000,271.570000,271.720000,0
20110201 082004000,271.580000,271.730000,0
20110201 082008000,271.570000,271.720000,0
20110201 082016000,271.580000,271.730000,0
20110201 082019000,271.570000,271.720000,0
20110201 082020000,271.580000,271.730000,0
20110201 082023000,271.570000,271.720000,0
20110201 082032000,271.560000,271.710000,0
20110201 082036000,271.550000,271.700000,0
20110201 082036000,271.540000,271.690000,0
20110201 082042000,271.530000,271.680000,0
20110201 082151000,271.520000,271.670000,0
20110201 082152000,271.530000,271.680000,0
20110201 082154000,271.520000,271.670000,0
20110201 082159000,271.510000,271.660000,0
20110201 082159000,271.520000,271.670000,0
20110201 082200000,271.510000,271.660000,0
20110201 082203000,271.520000,271.670000,0
20110201 082204000,271.510000,271.660000,0
20110201 082205000,271.520000,271.670000,0
20110201 082206000,271.510000,271.660000,0
20110201 082206000,271.520000,271.670000,0
20110201 082206000,271.510000,271.660000,0
20110201 082206000,271.520000,271.670000,0
20110201 082207000,271.510000,271.660000,0
20110201 082215000,271.520000,271.670000,0
20110201 082215000,271.510000,271.660000,0
20110201 082216000,271.520000,271.670000,0
20110201 082216000,271.510000,271.660000,0
20110201 082217000,271.520000,271.670000,0
20110201 082220000,271.510000,271.660000,0
20110201 082222000,271.520000,271.670000,0
20110201 082223000,271.510000,271.660000,0
20110201 082234000,271.520000,271.670000,0
20110201 082241000,271.510000,271.660000,0
20110201 082242000,271.520000,271.670000,0
20110201 082243000,271.510000,271.660000,0
20110201 082243000,271.520000,271.670000,0
20110201 082255000,271.510000,271.660000,0
20110201 082255000,271.520000,271.670000,0
20110201 082255000,271.510000,271.660000,0
20110201 082258000,271.520000,271.670000,0
20110201 082312000,271.510000,271.660000,0
20110201 082313000,271.520000,271.670000,0
20110201 082326000,271.510000,271.660000,0
20110201 082334000,271.500000,271.650000,0
20110201 082338000,271.510000,271.660000,0
20110201 082349000,271.520000,271.670000,0
20110201 082354000,271.510000,271.660000,0
20110201 082355000,271.520000,271.670000,0
20110201 082355000,271.510000,271.660000,0
20110201 082412000,271.520000,271.670000,0
20110201 082418000,271.510000,271.660000,0
20110201 082431000,271.500000,271.650000,0
20110201 082451000,271.560000,271.710000,0
20110201 082451000,271.580000,271.730000,0
20110201 082523000,271.560000,271.710000,0
20110201 082529000,271.570000,271.720000,0
20110201 082532000,271.560000,271.710000,0
20110201 082540000,271.570000,271.720000,0
20110201 082548000,271.550000,271.700000,0
20110201 082552000,271.560000,271.710000,0
20110201 082553000,271.570000,271.720000,0
20110201 082600000,271.560000,271.710000,0
20110201 082600000,271.580000,271.730000,0
20110201 082601000,271.600000,271.750000,0
20110201 082613000,271.610000,271.760000,0
20110201 082621000,271.620000,271.770000,0
20110201 082631000,271.630000,271.780000,0
20110201 082631000,271.620000,271.770000,0
20110201 082633000,271.630000,271.780000,0
20110201 082634000,271.620000,271.770000,0
20110201 082648000,271.630000,271.780000,0
20110201 082649000,271.610000,271.760000,0
20110201 082649000,271.650000,271.800000,0
20110201 082717000,271.660000,271.810000,0
20110201 082717000,271.650000,271.800000,0
20110201 082717000,271.660000,271.810000,0
20110201 082718000,271.650000,271.800000,0
20110201 082718000,271.660000,271.810000,0
20110201 082733000,271.650000,271.800000,0
20110201 082811000,271.660000,271.810000,0
20110201 082821000,271.650000,271.800000,0
20110201 082822000,271.660000,271.810000,0
20110201 082833000,271.650000,271.800000,0
20110201 082833000,271.640000,271.790000,0
20110201 082849000,271.650000,271.800000,0
20110201 082850000,271.640000,271.790000,0
20110201 082851000,271.650000,271.800000,0
20110201 082856000,271.660000,271.810000,0
20110201 082859000,271.650000,271.800000,0
20110201 082906000,271.660000,271.810000,0
20110201 082911000,271.670000,271.820000,0
20110201 082913000,271.680000,271.830000,0
20110201 082919000,271.690000,271.840000,0
20110201 082920000,271.680000,271.830000,0
20110201 082921000,271.690000,271.840000,0
20110201 082922000,271.700000,271.850000,0
20110201 082923000,271.710000,271.860000,0
20110201 082924000,271.700000,271.850000,0
20110201 082924000,271.710000,271.860000,0
20110201 082924000,271.700000,271.850000,0
20110201 082931000,271.690000,271.840000,0
20110201 082941000,271.680000,271.830000,0
20110201 082944000,271.690000,271.840000,0
20110201 082951000,271.680000,271.830000,0
20110201 082957000,271.690000,271.840000,0
20110201 082958000,271.680000,271.830000,0
20110201 082958000,271.690000,271.840000,0
20110201 082958000,271.680000,271.830000,0
20110201 082958000,271.690000,271.840000,0
20110201 083001000,271.680000,271.830000,0
20110201 083001000,271.690000,271.840000,0
20110201 083002000,271.680000,271.830000,0
20110201 083002000,271.690000,271.840000,0
20110201 083003000,271.680000,271.830000,0
20110201 083010000,271.690000,271.840000,0
20110201 083011000,271.680000,271.830000,0
20110201 083013000,271.690000,271.840000,0
20110201 083020000,271.680000,271.830000,0
20110201 083022000,271.690000,271.840000,0
20110201 083025000,271.680000,271.830000,0
20110201 083031000,271.690000,271.840000,0
20110201 083042000,271.700000,271.850000,0
20110201 083109000,271.690000,271.840000,0
20110201 083119000,271.700000,271.850000,0
20110201 083119000,271.690000,271.840000,0
20110201 083122000,271.700000,271.850000,0
20110201 083135000,271.690000,271.840000,0
20110201 083135000,271.700000,271.850000,0
20110201 083135000,271.690000,271.840000,0
20110201 083136000,271.710000,271.860000,0
20110201 083136000,271.700000,271.850000,0
20110201 083138000,271.710000,271.860000,0
20110201 083139000,271.700000,271.850000,0
20110201 083142000,271.710000,271.860000,0
20110201 083152000,271.700000,271.850000,0
20110201 083154000,271.710000,271.860000,0
20110201 083159000,271.700000,271.850000,0
20110201 083159000,271.710000,271.860000,0
20110201 083238000,271.700000,271.850000,0
20110201 083242000,271.690000,271.840000,0
20110201 083245000,271.700000,271.850000,0
20110201 083246000,271.690000,271.840000,0
20110201 083246000,271.680000,271.830000,0
20110201 083249000,271.690000,271.840000,0
20110201 083249000,271.680000,271.830000,0
20110201 083252000,271.690000,271.840000,0
20110201 083254000,271.680000,271.830000,0
20110201 083257000,271.690000,271.840000,0
20110201 083257000,271.680000,271.830000,0
20110201 083258000,271.690000,271.840000,0
20110201 083306000,271.680000,271.830000,0
20110201 083306000,271.690000,271.840000,0
20110201 083306000,271.680000,271.830000,0
20110201 083307000,271.660000,271.810000,0
