20110102 170238000,278.010000,278.160000,0
20110102 180333000,278.010000,278.160000,0
20110102 181125000,278.010000,278.160000,0
20110102 181145000,277.850000,278.000000,0
20110102 181525000,277.750000,277.900000,0
20110102 181919000,277.750000,277.900000,0
20110102 183210000,277.750000,277.900000,0
20110102 183306000,277.750000,277.900000,0
20110102 184103000,278.030000,278.180000,0
20110102 190011000,277.950000,278.100000,0
20110102 190517000,278.030000,278.180000,0
20110102 191625000,277.950000,278.100000,0
20110102 192132000,278.030000,278.180000,0
20110102 193102000,277.950000,278.100000,0
20110102 193603000,278.030000,278.180000,0
20110102 200329000,277.980000,278.130000,0
20110102 200329000,277.970000,278.120000,0
20110102 200617000,278.040000,278.190000,0
20110102 200620000,277.970000,278.120000,0
20110102 200734000,277.820000,277.970000,0
20110102 201240000,277.700000,277.850000,0
20110102 201437000,277.750000,277.900000,0
20110102 202530000,277.700000,277.850000,0
20110102 204205000,278.010000,278.160000,0
20110102 204513000,278.030000,278.180000,0
20110102 210018000,278.110000,278.260000,0
20110102 210112000,278.090000,278.240000,0
20110102 210132000,278.110000,278.260000,0
20110102 210139000,278.090000,278.240000,0
20110102 210216000,278.110000,278.260000,0
20110102 210225000,278.090000,278.240000,0
20110102 210249000,278.070000,278.220000,0
20110102 210249000,278.090000,278.240000,0
20110102 210254000,278.070000,278.220000,0
20110102 210256000,278.090000,278.240000,0
20110102 210258000,278.070000,278.220000,0
20110102 210259000,278.090000,278.240000,0
20110102 210303000,278.070000,278.220000,0
20110102 210309000,278.090000,278.240000,0
20110102 210316000,278.070000,278.220000,0
20110102 210320000,278.090000,278.240000,0
20110102 210321000,278.070000,278.220000,0
20110102 210326000,278.090000,278.240000,0
20110102 210347000,278.110000,278.260000,0
20110102 210402000,278.920000,279.070000,0
20110102 210431000,278.880000,279.030000,0
20110102 210536000,278.090000,278.240000,0
20110102 210622000,278.100000,278.250000,0
20110102 210626000,278.090000,278.240000,0
20110102 210642000,278.100000,278.250000,0
20110102 210642000,278.090000,278.240000,0
20110102 210645000,278.100000,278.250000,0
20110102 210647000,278.090000,278.240000,0
20110102 210714000,278.080000,278.230000,0
20110102 210718000,278.090000,278.240000,0
20110102 210854000,278.080000,278.230000,0
20110102 210920000,278.090000,278.240000,0
20110102 210920000,278.080000,278.230000,0
20110102 210938000,278.090000,278.240000,0
20110102 210938000,278.080000,278.230000,0
20110102 211002000,278.090000,278.240000,0
20110102 211007000,278.080000,278.230000,0
20110102 211036000,278.100000,278.250000,0
20110102 211046000,278.090000,278.240000,0
20110102 211049000,278.110000,278.260000,0
20110102 211051000,278.090000,278.240000,0
20110102 211053000,278.110000,278.260000,0
20110102 211055000,278.090000,278.240000,0
20110102 211058000,278.110000,278.260000,0
20110102 211106000,278.090000,278.240000,0
20110102 211130000,278.110000,278.260000,0
20110102 211138000,278.090000,278.240000,0
20110102 211140000,278.110000,278.260000,0
20110102 211333000,278.130000,278.280000,0
20110102 211334000,278.110000,278.260000,0
20110102 211340000,278.130000,278.280000,0
20110102 211349000,278.110000,278.260000,0
20110102 211420000,278.130000,278.280000,0
20110102 211452000,278.110000,278.260000,0
20110102 211452000,278.130000,278.280000,0
20110102 211457000,278.110000,278.260000,0
20110102 211613000,278.130000,278.280000,0
20110102 211614000,278.110000,278.260000,0
20110102 211623000,278.130000,278.280000,0
20110102 211649000,278.110000,278.260000,0
20110102 211652000,278.130000,278.280000,0
20110102 211716000,278.110000,278.260000,0
20110102 212724000,278.070000,278.220000,0
20110102 212843000,278.090000,278.240000,0
20110102 212916000,278.110000,278.260000,0
20110102 212919000,278.090000,278.240000,0
20110102 212956000,278.110000,278.260000,0
20110102 213125000,278.090000,278.240000,0
20110102 213140000,278.110000,278.260000,0
20110102 213506000,278.090000,278.240000,0
20110102 213630000,278.080000,278.230000,0
20110102 213723000,278.070000,278.220000,0
20110102 213744000,278.050000,278.200000,0
20110102 213755000,278.070000,278.220000,0
20110102 213804000,278.050000,278.200000,0
20110102 213810000,278.070000,278.220000,0
20110102 213826000,278.050000,278.200000,0
20110102 213857000,278.070000,278.220000,0
20110102 213931000,278.080000,278.230000,0
20110102 214132000,278.090000,278.240000,0
20110102 214157000,278.070000,278.220000,0
20110102 214228000,278.090000,278.240000,0
20110102 214247000,278.070000,278.220000,0
20110102 214305000,278.090000,278.240000,0
20110102 214308000,278.070000,278.220000,0
20110102 214309000,278.090000,278.240000,0
20110102 214450000,278.070000,278.220000,0
20110102 214509000,278.090000,278.240000,0
20110102 214510000,278.070000,278.220000,0
20110102 214600000,278.090000,278.240000,0
20110102 214622000,278.070000,278.220000,0
20110102 214627000,278.090000,278.240000,0
20110102 214655000,278.070000,278.220000,0
20110102 214706000,278.090000,278.240000,0
20110102 214728000,278.070000,278.220000,0
20110102 214859000,278.050000,278.200000,0
20110102 214905000,278.070000,278.220000,0
20110102 214937000,278.090000,278.240000,0
20110102 214946000,278.070000,278.220000,0
20110102 214947000,278.090000,278.240000,0
20110102 215003000,278.070000,278.220000,0
20110102 215230000,278.050000,278.200000,0
20110102 215254000,278.070000,278.220000,0
20110102 215301000,278.090000,278.240000,0
20110102 215536000,278.080000,278.230000,0
20110102 215546000,278.090000,278.240000,0
20110102 215550000,278.080000,278.230000,0
20110102 215634000,278.090000,278.240000,0
20110102 215638000,278.080000,278.230000,0
20110102 215644000,278.090000,278.240000,0
20110102 215735000,278.080000,278.230000,0
20110102 215750000,278.090000,278.240000,0
20110102 215830000,278.080000,278.230000,0
20110102 215831000,278.090000,278.240000,0
20110102 215834000,278.080000,278.230000,0
20110102 215932000,278.070000,278.220000,0
20110102 215934000,278.080000,278.230000,0
20110102 220003000,278.030000,278.180000,0
20110102 230002000,278.110000,278.260000,0
20110102 230324000,278.090000,278.240000,0
20110102 230621000,278.080000,278.230000,0
20110102 230640000,278.090000,278.240000,0
20110102 230828000,278.110000,278.260000,0
20110102 230933000,278.090000,278.240000,0
20110102 230935000,278.110000,278.260000,0
20110102 230952000,278.090000,278.240000,0
20110102 231023000,278.110000,278.260000,0
20110102 231124000,278.090000,278.240000,0
20110102 231125000,278.110000,278.260000,0
20110102 231146000,278.090000,278.240000,0
20110102 231152000,278.110000,278.260000,0
20110102 231324000,278.090000,278.240000,0
20110102 231406000,278.110000,278.260000,0
20110102 231501000,278.090000,278.240000,0
20110102 231654000,278.070000,278.220000,0
20110102 231656000,278.090000,278.240000,0
20110102 231658000,278.070000,278.220000,0
20110102 231707000,278.090000,278.240000,0
20110102 231756000,278.080000,278.230000,0
20110102 232056000,278.090000,278.240000,0
20110102 232302000,278.110000,278.260000,0
20110102 232356000,278.090000,278.240000,0
20110102 232427000,278.110000,278.260000,0
20110102 232727000,278.090000,278.240000,0
20110102 232758000,278.110000,278.260000,0
20110102 233058000,278.090000,278.240000,0
20110102 233129000,278.110000,278.260000,0
20110102 233429000,278.090000,278.240000,0
20110102 233430000,278.110000,278.260000,0
20110102 233431000,278.090000,278.240000,0
20110102 233500000,278.110000,278.260000,0
20110102 233800000,278.090000,278.240000,0
20110102 233806000,278.110000,278.260000,0
20110102 234356000,278.150000,278.300000,0
20110102 234502000,278.130000,278.280000,0
20110102 234513000,278.110000,278.260000,0
20110102 234526000,278.130000,278.280000,0
20110102 234608000,278.110000,278.260000,0
20110102 234623000,278.130000,278.280000,0
20110102 234624000,278.110000,278.260000,0
20110102 234625000,278.130000,278.280000,0
20110102 234626000,278.110000,278.260000,0
20110102 234628000,278.130000,278.280000,0
20110102 234809000,278.110000,278.260000,0
20110102 234809000,278.130000,278.280000,0
20110102 234811000,278.110000,278.260000,0
20110102 234815000,278.130000,278.280000,0
20110102 234825000,278.110000,278.260000,0
20110102 234906000,278.130000,278.280000,0
20110102 234908000,278.110000,278.260000,0
20110102 235137000,278.090000,278.240000,0
20110102 235301000,278.100000,278.250000,0
20110102 235354000,278.090000,278.240000,0
20110102 235355000,278.100000,278.250000,0
20110102 235535000,278.090000,278.240000,0
20110102 235606000,278.100000,278.250000,0
20110102 235640000,278.130000,278.280000,0
20110102 235654000,278.100000,278.250000,0
20110102 235749000,278.090000,278.240000,0
20110102 235753000,278.100000,278.250000,0
20110102 235804000,278.090000,278.240000,0
20110102 235808000,278.100000,278.250000,0
20110102 235906000,278.090000,278.240000,0
20110103 000000000,278.030000,278.180000,0
20110103 003838000,278.060000,278.210000,0
20110103 003839000,278.070000,278.220000,0
20110103 003840000,278.080000,278.230000,0
20110103 010000000,278.100000,278.250000,0
20110103 010126000,278.080000,278.230000,0
20110103 010127000,278.100000,278.250000,0
20110103 010129000,278.080000,278.230000,0
20110103 010131000,278.100000,278.250000,0
20110103 010131000,278.080000,278.230000,0
20110103 010147000,278.100000,278.250000,0
20110103 010147000,278.080000,278.230000,0
20110103 010148000,278.100000,278.250000,0
20110103 010152000,278.080000,278.230000,0
20110103 010203000,278.100000,278.250000,0
20110103 010205000,278.080000,278.230000,0
20110103 010216000,278.100000,278.250000,0
20110103 010224000,278.080000,278.230000,0
20110103 010255000,278.100000,278.250000,0
20110103 010329000,278.140000,278.290000,0
20110103 010353000,278.120000,278.270000,0
20110103 010555000,278.100000,278.250000,0
20110103 010626000,278.120000,278.270000,0
20110103 010809000,278.140000,278.290000,0
20110103 010926000,278.120000,278.270000,0
20110103 010957000,278.140000,278.290000,0
20110103 011044000,278.160000,278.310000,0
20110103 011123000,278.140000,278.290000,0
20110103 011257000,278.130000,278.280000,0
20110103 011328000,278.140000,278.290000,0
20110103 011502000,278.150000,278.300000,0
20110103 011525000,278.160000,278.310000,0
20110103 011629000,278.180000,278.330000,0
20110103 011655000,278.160000,278.310000,0
20110103 011659000,278.180000,278.330000,0
20110103 011701000,278.160000,278.310000,0
20110103 011911000,278.140000,278.290000,0
20110103 011959000,278.130000,278.280000,0
20110103 012045000,278.140000,278.290000,0
20110103 012330000,278.130000,278.280000,0
20110103 012401000,278.140000,278.290000,0
20110103 012402000,278.130000,278.280000,0
20110103 012417000,278.140000,278.290000,0
20110103 012446000,278.120000,278.270000,0
20110103 012544000,278.140000,278.290000,0
20110103 012545000,278.120000,278.270000,0
20110103 012635000,278.140000,278.290000,0
20110103 012701000,278.120000,278.270000,0
20110103 012732000,278.140000,278.290000,0
20110103 012908000,278.120000,278.270000,0
20110103 013105000,278.140000,278.290000,0
20110103 013120000,278.120000,278.270000,0
20110103 013257000,278.100000,278.250000,0
20110103 013351000,278.080000,278.230000,0
20110103 013854000,278.020000,278.170000,0
20110103 013917000,278.030000,278.180000,0
20110103 013937000,278.020000,278.170000,0
20110103 014016000,278.030000,278.180000,0
20110103 014105000,278.020000,278.170000,0
20110103 014109000,278.000000,278.150000,0
20110103 014136000,278.010000,278.160000,0
20110103 014218000,278.020000,278.170000,0
20110103 014236000,278.010000,278.160000,0
20110103 014354000,278.000000,278.150000,0
20110103 014402000,278.010000,278.160000,0
20110103 014418000,278.000000,278.150000,0
20110103 014430000,277.990000,278.140000,0
20110103 014436000,277.770000,277.920000,0
20110103 014436000,277.700000,277.850000,0
20110103 014437000,277.960000,278.110000,0
20110103 014437000,277.920000,278.070000,0
20110103 014447000,277.900000,278.050000,0
20110103 014454000,277.890000,278.040000,0
20110103 014521000,277.880000,278.030000,0
20110103 015047000,277.850000,278.000000,0
20110103 015700000,277.880000,278.030000,0
20110103 020203000,277.870000,278.020000,0
20110103 020733000,277.880000,278.030000,0
20110103 021606000,277.900000,278.050000,0
20110103 022006000,277.820000,277.970000,0
20110103 022006000,277.880000,278.030000,0
20110103 022007000,277.830000,277.980000,0
20110103 022101000,277.820000,277.970000,0
20110103 022223000,277.800000,277.950000,0
20110103 022306000,277.810000,277.960000,0
20110103 022307000,277.800000,277.950000,0
20110103 022419000,277.900000,278.050000,0
20110103 022841000,278.150000,278.300000,0
20110103 022949000,278.170000,278.320000,0
20110103 023031000,278.260000,278.410000,0
20110103 023032000,278.250000,278.400000,0
20110103 023035000,278.340000,278.490000,0
20110103 023037000,278.380000,278.530000,0
20110103 023038000,278.370000,278.520000,0
20110103 023038000,278.380000,278.530000,0
20110103 023434000,278.360000,278.510000,0
20110103 023452000,278.350000,278.500000,0
20110103 023720000,278.180000,278.330000,0
20110103 023722000,278.190000,278.340000,0
20110103 023722000,278.220000,278.370000,0
20110103 023724000,278.320000,278.470000,0
20110103 023725000,278.350000,278.500000,0
20110103 023731000,278.230000,278.380000,0
20110103 023734000,278.380000,278.530000,0
20110103 023736000,278.430000,278.580000,0
20110103 023745000,278.230000,278.380000,0
20110103 024012000,278.340000,278.490000,0
20110103 024014000,278.350000,278.500000,0
20110103 024019000,278.150000,278.300000,0
20110103 024021000,278.180000,278.330000,0
20110103 024021000,278.220000,278.370000,0
20110103 024023000,278.310000,278.460000,0
20110103 024024000,278.350000,278.500000,0
20110103 024024000,278.360000,278.510000,0
20110103 024026000,278.350000,278.500000,0
20110103 024027000,278.230000,278.380000,0
20110103 024027000,278.150000,278.300000,0
20110103 024029000,278.180000,278.330000,0
20110103 024029000,278.220000,278.370000,0
20110103 024030000,278.320000,278.470000,0
20110103 024031000,278.350000,278.500000,0
20110103 024041000,278.220000,278.370000,0
20110103 024041000,278.150000,278.300000,0
20110103 024042000,278.180000,278.330000,0
20110103 024043000,278.220000,278.370000,0
20110103 024122000,278.230000,278.380000,0
20110103 024122000,278.320000,278.470000,0
20110103 024123000,278.350000,278.500000,0
20110103 024128000,278.150000,278.300000,0
20110103 024130000,278.180000,278.330000,0
20110103 024130000,278.220000,278.370000,0
20110103 024223000,278.310000,278.460000,0
20110103 024224000,278.350000,278.500000,0
20110103 024231000,278.180000,278.330000,0
20110103 024232000,278.190000,278.340000,0
20110103 024233000,278.220000,278.370000,0
20110103 024257000,278.270000,278.420000,0
20110103 024257000,278.280000,278.430000,0
20110103 024259000,278.310000,278.460000,0
20110103 024259000,278.360000,278.510000,0
20110103 024525000,278.390000,278.540000,0
20110103 024525000,278.450000,278.600000,0
20110103 024528000,278.370000,278.520000,0
20110103 024528000,278.350000,278.500000,0
20110103 024530000,278.570000,278.720000,0
20110103 024532000,278.540000,278.690000,0
20110103 024532000,278.500000,278.650000,0
20110103 024534000,278.410000,278.560000,0
20110103 024535000,278.350000,278.500000,0
20110103 024536000,278.570000,278.720000,0
20110103 024538000,278.540000,278.690000,0
20110103 024538000,278.500000,278.650000,0
20110103 024541000,278.490000,278.640000,0
20110103 024541000,278.480000,278.630000,0
20110103 024541000,278.470000,278.620000,0
20110103 024542000,278.450000,278.600000,0
20110103 024543000,278.430000,278.580000,0
20110103 024605000,278.350000,278.500000,0
20110103 024606000,278.250000,278.400000,0
20110103 024616000,278.460000,278.610000,0
20110103 024618000,278.450000,278.600000,0
20110103 024618000,278.440000,278.590000,0
20110103 024619000,278.430000,278.580000,0
20110103 024710000,278.440000,278.590000,0
20110103 024727000,278.380000,278.530000,0
20110103 024732000,278.460000,278.610000,0
20110103 024733000,278.470000,278.620000,0
20110103 024733000,278.450000,278.600000,0
20110103 024734000,278.430000,278.580000,0
20110103 024736000,278.440000,278.590000,0
20110103 024951000,278.460000,278.610000,0
20110103 024951000,278.440000,278.590000,0
20110103 025042000,278.400000,278.550000,0
20110103 025042000,278.380000,278.530000,0
20110103 025126000,278.350000,278.500000,0
20110103 025219000,278.420000,278.570000,0
20110103 025222000,278.430000,278.580000,0
20110103 025251000,278.370000,278.520000,0
20110103 025252000,278.350000,278.500000,0
20110103 025931000,278.400000,278.550000,0
20110103 025932000,278.390000,278.540000,0
20110103 025933000,278.400000,278.550000,0
20110103 025953000,278.430000,278.580000,0
20110103 030013000,278.420000,278.570000,0
20110103 030128000,278.430000,278.580000,0
20110103 030131000,278.420000,278.570000,0
20110103 030139000,278.430000,278.580000,0
20110103 030140000,278.420000,278.570000,0
20110103 030146000,278.430000,278.580000,0
20110103 030148000,278.420000,278.570000,0
20110103 030159000,278.430000,278.580000,0
20110103 030303000,278.420000,278.570000,0
20110103 030305000,278.430000,278.580000,0
20110103 030345000,278.420000,278.570000,0
20110103 030345000,278.430000,278.580000,0
20110103 030346000,278.420000,278.570000,0
20110103 030347000,278.430000,278.580000,0
20110103 030347000,278.420000,278.570000,0
20110103 030348000,278.430000,278.580000,0
20110103 030431000,278.420000,278.570000,0
20110103 030517000,278.430000,278.580000,0
20110103 030530000,278.420000,278.570000,0
20110103 030532000,278.430000,278.580000,0
20110103 030829000,278.480000,278.630000,0
20110103 030830000,278.490000,278.640000,0
20110103 030831000,278.500000,278.650000,0
20110103 030941000,278.510000,278.660000,0
20110103 030942000,278.500000,278.650000,0
20110103 030943000,278.470000,278.620000,0
20110103 030944000,278.450000,278.600000,0
20110103 031005000,278.480000,278.630000,0
20110103 031006000,278.500000,278.650000,0
20110103 031006000,278.510000,278.660000,0
20110103 031007000,278.520000,278.670000,0
20110103 031011000,278.510000,278.660000,0
20110103 031017000,278.520000,278.670000,0
20110103 031018000,278.510000,278.660000,0
20110103 031024000,278.520000,278.670000,0
20110103 031025000,278.510000,278.660000,0
20110103 031031000,278.520000,278.670000,0
20110103 031031000,278.510000,278.660000,0
20110103 031043000,278.500000,278.650000,0
20110103 031045000,278.510000,278.660000,0
20110103 031046000,278.500000,278.650000,0
20110103 031047000,278.530000,278.680000,0
20110103 031109000,278.500000,278.650000,0
20110103 031231000,278.530000,278.680000,0
20110103 031257000,278.580000,278.730000,0
20110103 031304000,278.670000,278.820000,0
20110103 031304000,278.710000,278.860000,0
20110103 031305000,278.720000,278.870000,0
20110103 031312000,278.700000,278.850000,0
20110103 031313000,278.690000,278.840000,0
20110103 031314000,278.670000,278.820000,0
20110103 031315000,278.660000,278.810000,0
20110103 031437000,278.680000,278.830000,0
20110103 031516000,278.670000,278.820000,0
20110103 031532000,278.660000,278.810000,0
20110103 031555000,278.650000,278.800000,0
20110103 031558000,278.660000,278.810000,0
20110103 031558000,278.650000,278.800000,0
20110103 031606000,278.660000,278.810000,0
20110103 032105000,278.670000,278.820000,0
20110103 032105000,278.680000,278.830000,0
20110103 032106000,278.670000,278.820000,0
20110103 032111000,278.620000,278.770000,0
20110103 032111000,278.600000,278.750000,0
20110103 032113000,278.610000,278.760000,0
20110103 032126000,278.620000,278.770000,0
20110103 032126000,278.630000,278.780000,0
20110103 032243000,278.620000,278.770000,0
20110103 032245000,278.630000,278.780000,0
20110103 032306000,278.640000,278.790000,0
20110103 032328000,278.630000,278.780000,0
20110103 032332000,278.640000,278.790000,0
20110103 032333000,278.630000,278.780000,0
20110103 032344000,278.640000,278.790000,0
20110103 032349000,278.630000,278.780000,0
20110103 032356000,278.640000,278.790000,0
20110103 032357000,278.630000,278.780000,0
20110103 032501000,278.620000,278.770000,0
20110103 032506000,278.630000,278.780000,0
20110103 032508000,278.620000,278.770000,0
20110103 032516000,278.630000,278.780000,0
20110103 032547000,278.620000,278.770000,0
20110103 032600000,278.630000,278.780000,0
20110103 032802000,278.620000,278.770000,0
20110103 032802000,278.630000,278.780000,0
20110103 032804000,278.620000,278.770000,0
20110103 032820000,278.630000,278.780000,0
20110103 032850000,278.620000,278.770000,0
20110103 032906000,278.630000,278.780000,0
20110103 032936000,278.620000,278.770000,0
20110103 032952000,278.630000,278.780000,0
20110103 033038000,278.640000,278.790000,0
20110103 033108000,278.630000,278.780000,0
20110103 033124000,278.640000,278.790000,0
20110103 033159000,278.630000,278.780000,0
20110103 033203000,278.640000,278.790000,0
20110103 033412000,278.630000,278.780000,0
20110103 033414000,278.640000,278.790000,0
20110103 033415000,278.630000,278.780000,0
20110103 033415000,278.640000,278.790000,0
20110103 033416000,278.610000,278.760000,0
20110103 033428000,278.620000,278.770000,0
20110103 033429000,278.630000,278.780000,0
20110103 033436000,278.620000,278.770000,0
20110103 033437000,278.630000,278.780000,0
20110103 033443000,278.620000,278.770000,0
20110103 033454000,278.630000,278.780000,0
20110103 033458000,278.620000,278.770000,0
20110103 033458000,278.630000,278.780000,0
20110103 033500000,278.620000,278.770000,0
20110103 033504000,278.630000,278.780000,0
20110103 033532000,278.640000,278.790000,0
20110103 033534000,278.630000,278.780000,0
20110103 033615000,278.640000,278.790000,0
20110103 033616000,278.630000,278.780000,0
20110103 033619000,278.640000,278.790000,0
20110103 033619000,278.630000,278.780000,0
20110103 033646000,278.640000,278.790000,0
20110103 033647000,278.630000,278.780000,0
20110103 033648000,278.640000,278.790000,0
20110103 033658000,278.630000,278.780000,0
20110103 033659000,278.640000,278.790000,0
20110103 033715000,278.630000,278.780000,0
20110103 033731000,278.640000,278.790000,0
20110103 033802000,278.630000,278.780000,0
20110103 033804000,278.640000,278.790000,0
20110103 033934000,278.630000,278.780000,0
20110103 034036000,278.640000,278.790000,0
20110103 034115000,278.630000,278.780000,0
20110103 034122000,278.640000,278.790000,0
20110103 034132000,278.630000,278.780000,0
20110103 034133000,278.640000,278.790000,0
20110103 034136000,278.630000,278.780000,0
20110103 034138000,278.640000,278.790000,0
20110103 034141000,278.630000,278.780000,0
20110103 034208000,278.640000,278.790000,0
20110103 034210000,278.630000,278.780000,0
20110103 034212000,278.640000,278.790000,0
20110103 034216000,278.630000,278.780000,0
20110103 034240000,278.620000,278.770000,0
20110103 034246000,278.630000,278.780000,0
20110103 034250000,278.640000,278.790000,0
20110103 034250000,278.630000,278.780000,0
20110103 034253000,278.640000,278.790000,0
20110103 034256000,278.650000,278.800000,0
20110103 034302000,278.640000,278.790000,0
20110103 034323000,278.630000,278.780000,0
20110103 034341000,278.640000,278.790000,0
20110103 034400000,278.630000,278.780000,0
20110103 034529000,278.640000,278.790000,0
20110103 034534000,278.630000,278.780000,0
20110103 034730000,278.640000,278.790000,0
20110103 034742000,278.630000,278.780000,0
20110103 034816000,278.640000,278.790000,0
20110103 034846000,278.630000,278.780000,0
20110103 034848000,278.640000,278.790000,0
20110103 034855000,278.650000,278.800000,0
20110103 034857000,278.670000,278.820000,0
20110103 035020000,278.650000,278.800000,0
20110103 035230000,278.660000,278.810000,0
20110103 035235000,278.640000,278.790000,0
20110103 035236000,278.630000,278.780000,0
20110103 035236000,278.620000,278.770000,0
20110103 035237000,278.610000,278.760000,0
20110103 035251000,278.600000,278.750000,0
20110103 035317000,278.620000,278.770000,0
20110103 035403000,278.630000,278.780000,0
20110103 035407000,278.620000,278.770000,0
20110103 035425000,278.630000,278.780000,0
20110103 035454000,278.620000,278.770000,0
20110103 035510000,278.630000,278.780000,0
20110103 035519000,278.620000,278.770000,0
20110103 035522000,278.630000,278.780000,0
20110103 035524000,278.620000,278.770000,0
20110103 035525000,278.630000,278.780000,0
20110103 035541000,278.620000,278.770000,0
20110103 035554000,278.630000,278.780000,0
20110103 035637000,278.650000,278.800000,0
20110103 035638000,278.660000,278.810000,0
20110103 035640000,278.670000,278.820000,0
20110103 035718000,278.660000,278.810000,0
20110103 035728000,278.670000,278.820000,0
20110103 035837000,278.660000,278.810000,0
20110103 035844000,278.650000,278.800000,0
20110103 035846000,278.660000,278.810000,0
20110103 035855000,278.670000,278.820000,0
20110103 035858000,278.660000,278.810000,0
20110103 035859000,278.670000,278.820000,0
20110103 035938000,278.660000,278.810000,0
20110103 035947000,278.670000,278.820000,0
20110103 035953000,278.660000,278.810000,0
20110103 040001000,278.650000,278.800000,0
20110103 040254000,278.670000,278.820000,0
20110103 040644000,278.680000,278.830000,0
20110103 040928000,278.670000,278.820000,0
20110103 040928000,278.660000,278.810000,0
20110103 041254000,278.630000,278.780000,0
20110103 041914000,278.650000,278.800000,0
20110103 042112000,278.640000,278.790000,0
20110103 042112000,278.630000,278.780000,0
20110103 042113000,278.620000,278.770000,0
20110103 042114000,278.600000,278.750000,0
20110103 042308000,278.640000,278.790000,0
20110103 042308000,278.630000,278.780000,0
20110103 042546000,278.620000,278.770000,0
20110103 042913000,278.610000,278.760000,0
20110103 042921000,278.620000,278.770000,0
20110103 043111000,278.570000,278.720000,0
20110103 043145000,278.620000,278.770000,0
20110103 043152000,278.610000,278.760000,0
20110103 043218000,278.620000,278.770000,0
20110103 043535000,278.650000,278.800000,0
20110103 043535000,278.670000,278.820000,0
20110103 043608000,278.680000,278.830000,0
20110103 043617000,278.630000,278.780000,0
20110103 043750000,278.650000,278.800000,0
20110103 043912000,278.670000,278.820000,0
20110103 043913000,278.680000,278.830000,0
20110103 043916000,278.710000,278.860000,0
20110103 045333000,278.720000,278.870000,0
20110103 045333000,278.730000,278.880000,0
20110103 045439000,278.750000,278.900000,0
20110103 045502000,278.770000,278.920000,0
20110103 050035000,278.750000,278.900000,0
20110103 050307000,278.730000,278.880000,0
20110103 050628000,278.750000,278.900000,0
20110103 050645000,278.770000,278.920000,0
20110103 050647000,278.750000,278.900000,0
20110103 050701000,278.720000,278.870000,0
20110103 050824000,278.730000,278.880000,0
20110103 050824000,278.750000,278.900000,0
20110103 051753000,278.740000,278.890000,0
20110103 051753000,278.730000,278.880000,0
20110103 053310000,278.720000,278.870000,0
20110103 053310000,278.730000,278.880000,0
20110103 053448000,278.750000,278.900000,0
20110103 053456000,278.740000,278.890000,0
20110103 053458000,278.750000,278.900000,0
20110103 053516000,278.740000,278.890000,0
20110103 053518000,278.730000,278.880000,0
20110103 053522000,278.720000,278.870000,0
20110103 053523000,278.710000,278.860000,0
20110103 053523000,278.690000,278.840000,0
20110103 053526000,278.700000,278.850000,0
20110103 053528000,278.710000,278.860000,0
20110103 053959000,278.700000,278.850000,0
20110103 054040000,278.710000,278.860000,0
20110103 054040000,278.660000,278.810000,0
20110103 054106000,278.680000,278.830000,0
20110103 054106000,278.710000,278.860000,0
20110103 054138000,278.670000,278.820000,0
20110103 054202000,278.680000,278.830000,0
20110103 054203000,278.710000,278.860000,0
20110103 054205000,278.700000,278.850000,0
20110103 054206000,278.710000,278.860000,0
20110103 054236000,278.670000,278.820000,0
20110103 054323000,278.710000,278.860000,0
20110103 054402000,278.670000,278.820000,0
20110103 054440000,278.710000,278.860000,0
20110103 054529000,278.690000,278.840000,0
20110103 054530000,278.670000,278.820000,0
20110103 054536000,278.660000,278.810000,0
20110103 054537000,278.650000,278.800000,0
20110103 054537000,278.670000,278.820000,0
20110103 054538000,278.660000,278.810000,0
20110103 054538000,278.650000,278.800000,0
20110103 054539000,278.640000,278.790000,0
20110103 054539000,278.630000,278.780000,0
20110103 054540000,278.670000,278.820000,0
20110103 054547000,278.660000,278.810000,0
20110103 054548000,278.670000,278.820000,0
20110103 054549000,278.660000,278.810000,0
20110103 054551000,278.670000,278.820000,0
20110103 054801000,278.650000,278.800000,0
20110103 055308000,278.680000,278.830000,0
20110103 055401000,278.650000,278.800000,0
20110103 060150000,278.630000,278.780000,0
20110103 060247000,278.650000,278.800000,0
20110103 060255000,278.630000,278.780000,0
20110103 060324000,278.600000,278.750000,0
20110103 060359000,278.620000,278.770000,0
20110103 060359000,278.600000,278.750000,0
20110103 060415000,278.620000,278.770000,0
20110103 060415000,278.600000,278.750000,0
20110103 060445000,278.620000,278.770000,0
20110103 060445000,278.600000,278.750000,0
20110103 060531000,278.620000,278.770000,0
20110103 060633000,278.600000,278.750000,0
20110103 060703000,278.620000,278.770000,0
20110103 060719000,278.600000,278.750000,0
20110103 060749000,278.620000,278.770000,0
20110103 060805000,278.600000,278.750000,0
20110103 060835000,278.620000,278.770000,0
20110103 060851000,278.600000,278.750000,0
20110103 060921000,278.620000,278.770000,0
20110103 060955000,278.630000,278.780000,0
20110103 061047000,278.640000,278.790000,0
20110103 061048000,278.650000,278.800000,0
20110103 061048000,278.660000,278.810000,0
20110103 061049000,278.690000,278.840000,0
20110103 061055000,278.640000,278.790000,0
20110103 061055000,278.630000,278.780000,0
20110103 061058000,278.680000,278.830000,0
20110103 061615000,278.630000,278.780000,0
20110103 061836000,278.650000,278.800000,0
20110103 061851000,278.630000,278.780000,0
20110103 061857000,278.650000,278.800000,0
20110103 062305000,278.670000,278.820000,0
20110103 062313000,278.650000,278.800000,0
20110103 062432000,278.660000,278.810000,0
20110103 062544000,278.640000,278.790000,0
20110103 062544000,278.630000,278.780000,0
20110103 062616000,278.660000,278.810000,0
20110103 063002000,278.630000,278.780000,0
20110103 063255000,278.600000,278.750000,0
20110103 063421000,278.630000,278.780000,0
20110103 065535000,278.680000,278.830000,0
20110103 065800000,278.660000,278.810000,0
20110103 065808000,278.680000,278.830000,0
20110103 070017000,278.670000,278.820000,0
20110103 070017000,278.660000,278.810000,0
20110103 070325000,278.680000,278.830000,0
20110103 070332000,278.670000,278.820000,0
20110103 070332000,278.660000,278.810000,0
20110103 070336000,278.650000,278.800000,0
20110103 070338000,278.660000,278.810000,0
20110103 070338000,278.670000,278.820000,0
20110103 070344000,278.710000,278.860000,0
20110103 070355000,278.720000,278.870000,0
20110103 070356000,278.730000,278.880000,0
20110103 071757000,278.720000,278.870000,0
20110103 072306000,278.750000,278.900000,0
20110103 072416000,278.730000,278.880000,0
20110103 072520000,278.720000,278.870000,0
20110103 072812000,278.670000,278.820000,0
20110103 072934000,278.660000,278.810000,0
20110103 073411000,278.650000,278.800000,0
20110103 073412000,278.660000,278.810000,0
20110103 073538000,278.640000,278.790000,0
20110103 073538000,278.630000,278.780000,0
20110103 073540000,278.640000,278.790000,0
20110103 073540000,278.660000,278.810000,0
20110103 073544000,278.560000,278.710000,0
20110103 073547000,278.540000,278.690000,0
20110103 073547000,278.650000,278.800000,0
20110103 073547000,278.560000,278.710000,0
20110103 073548000,278.570000,278.720000,0
20110103 073549000,278.560000,278.710000,0
20110103 073616000,278.570000,278.720000,0
20110103 073617000,278.560000,278.710000,0
20110103 073900000,278.650000,278.800000,0
20110103 073902000,278.670000,278.820000,0
20110103 073917000,278.660000,278.810000,0
20110103 073918000,278.670000,278.820000,0
20110103 073920000,278.660000,278.810000,0
20110103 073921000,278.670000,278.820000,0
20110103 073926000,278.660000,278.810000,0
20110103 073929000,278.580000,278.730000,0
20110103 073930000,278.570000,278.720000,0
20110103 073931000,278.560000,278.710000,0
20110103 073940000,278.660000,278.810000,0
20110103 073942000,278.670000,278.820000,0
20110103 073943000,278.700000,278.850000,0
20110103 073952000,278.670000,278.820000,0
20110103 073952000,278.590000,278.740000,0
20110103 073952000,278.610000,278.760000,0
20110103 074003000,278.590000,278.740000,0
20110103 074003000,278.610000,278.760000,0
20110103 074310000,278.580000,278.730000,0
20110103 074434000,278.610000,278.760000,0
20110103 074500000,278.600000,278.750000,0
20110103 074500000,278.580000,278.730000,0
20110103 074609000,278.560000,278.710000,0
20110103 075110000,278.570000,278.720000,0
20110103 075207000,278.560000,278.710000,0
20110103 075217000,278.570000,278.720000,0
20110103 075604000,278.580000,278.730000,0
20110103 075618000,278.560000,278.710000,0
20110103 075929000,278.550000,278.700000,0
20110103 075931000,278.560000,278.710000,0
20110103 075950000,278.490000,278.640000,0
20110103 075952000,278.480000,278.630000,0
20110103 080103000,278.460000,278.610000,0
20110103 080110000,278.380000,278.530000,0
20110103 080116000,278.400000,278.550000,0
20110103 080238000,278.380000,278.530000,0
20110103 080512000,278.370000,278.520000,0
20110103 080756000,278.330000,278.480000,0
20110103 080756000,278.370000,278.520000,0
20110103 080803000,278.150000,278.300000,0
20110103 080804000,278.140000,278.290000,0
20110103 080805000,278.130000,278.280000,0
20110103 080807000,278.140000,278.290000,0
20110103 080808000,278.160000,278.310000,0
20110103 080808000,278.180000,278.330000,0
20110103 080811000,278.190000,278.340000,0
20110103 080813000,278.120000,278.270000,0
20110103 080814000,278.270000,278.420000,0
20110103 080815000,278.280000,278.430000,0
20110103 080819000,278.290000,278.440000,0
20110103 080819000,278.280000,278.430000,0
20110103 081203000,278.290000,278.440000,0
20110103 081203000,278.280000,278.430000,0
20110103 081333000,278.290000,278.440000,0
20110103 081523000,278.300000,278.450000,0
20110103 081524000,278.310000,278.460000,0
20110103 082045000,278.350000,278.500000,0
20110103 082045000,278.380000,278.530000,0
20110103 082048000,278.410000,278.560000,0
20110103 082056000,278.380000,278.530000,0
20110103 082056000,278.370000,278.520000,0
20110103 082059000,278.400000,278.550000,0
20110103 082059000,278.450000,278.600000,0
20110103 082059000,278.480000,278.630000,0
20110103 082100000,278.460000,278.610000,0
20110103 082101000,278.400000,278.550000,0
20110103 082102000,278.370000,278.520000,0
20110103 082103000,278.400000,278.550000,0
20110103 082103000,278.410000,278.560000,0
20110103 082126000,278.440000,278.590000,0
20110103 082127000,278.480000,278.630000,0
20110103 082131000,278.510000,278.660000,0
20110103 082136000,278.480000,278.630000,0
20110103 082310000,278.510000,278.660000,0
20110103 082312000,278.480000,278.630000,0
20110103 082345000,278.420000,278.570000,0
20110103 082346000,278.410000,278.560000,0
20110103 082359000,278.430000,278.580000,0
20110103 082401000,278.470000,278.620000,0
20110103 082401000,278.450000,278.600000,0
20110103 082433000,278.480000,278.630000,0
20110103 082433000,278.490000,278.640000,0
20110103 082435000,278.510000,278.660000,0
20110103 082509000,278.450000,278.600000,0
20110103 082900000,278.480000,278.630000,0
20110103 083016000,278.410000,278.560000,0
20110103 083017000,278.370000,278.520000,0
20110103 083018000,278.340000,278.490000,0
20110103 083112000,278.420000,278.570000,0
20110103 083113000,278.430000,278.580000,0
20110103 083114000,278.420000,278.570000,0
20110103 083114000,278.450000,278.600000,0
20110103 083119000,278.480000,278.630000,0
20110103 083126000,278.470000,278.620000,0
20110103 083142000,278.420000,278.570000,0
20110103 083143000,278.370000,278.520000,0
20110103 083144000,278.350000,278.500000,0
20110103 083144000,278.330000,278.480000,0
20110103 083145000,278.350000,278.500000,0
20110103 083147000,278.380000,278.530000,0
20110103 083148000,278.390000,278.540000,0
20110103 083149000,278.400000,278.550000,0
20110103 083206000,278.390000,278.540000,0
20110103 083207000,278.380000,278.530000,0
20110103 083317000,278.400000,278.550000,0
20110103 083420000,278.380000,278.530000,0
20110103 083422000,278.370000,278.520000,0
20110103 083933000,278.380000,278.530000,0
20110103 090541000,278.360000,278.510000,0
20110103 091042000,278.370000,278.520000,0
20110103 091059000,278.350000,278.500000,0
20110103 091110000,278.360000,278.510000,0
20110103 091419000,278.310000,278.460000,0
20110103 091427000,278.320000,278.470000,0
20110103 091557000,278.360000,278.510000,0
20110103 091835000,278.330000,278.480000,0
20110103 092119000,278.290000,278.440000,0
20110103 092523000,278.280000,278.430000,0
20110103 092524000,278.230000,278.380000,0
20110103 092526000,278.250000,278.400000,0
20110103 092536000,278.260000,278.410000,0
20110103 092551000,278.220000,278.370000,0
20110103 092631000,278.210000,278.360000,0
20110103 092631000,278.220000,278.370000,0
20110103 092746000,278.230000,278.380000,0
20110103 093046000,278.220000,278.370000,0
20110103 093124000,278.230000,278.380000,0
20110103 093215000,278.200000,278.350000,0
20110103 093216000,278.190000,278.340000,0
20110103 093217000,278.180000,278.330000,0
20110103 093340000,278.140000,278.290000,0
20110103 093342000,278.120000,278.270000,0
20110103 093402000,278.100000,278.250000,0
20110103 093404000,278.090000,278.240000,0
20110103 093405000,278.070000,278.220000,0
20110103 093407000,278.080000,278.230000,0
20110103 093427000,278.020000,278.170000,0
20110103 093429000,278.010000,278.160000,0
20110103 093621000,277.940000,278.090000,0
20110103 093637000,277.960000,278.110000,0
20110103 093637000,277.970000,278.120000,0
20110103 093843000,277.980000,278.130000,0
20110103 093851000,277.990000,278.140000,0
20110103 093857000,277.980000,278.130000,0
20110103 093858000,277.970000,278.120000,0
20110103 094143000,277.960000,278.110000,0
20110103 094649000,277.990000,278.140000,0
20110103 094819000,278.010000,278.160000,0
20110103 094930000,277.980000,278.130000,0
20110103 094935000,278.040000,278.190000,0
20110103 094937000,278.050000,278.200000,0
20110103 094939000,278.020000,278.170000,0
20110103 095128000,278.040000,278.190000,0
20110103 095141000,278.050000,278.200000,0
20110103 095145000,278.040000,278.190000,0
20110103 095149000,278.060000,278.210000,0
20110103 095640000,278.020000,278.170000,0
20110103 095640000,277.980000,278.130000,0
20110103 095642000,277.950000,278.100000,0
20110103 095659000,277.930000,278.080000,0
20110103 095911000,277.900000,278.050000,0
20110103 100016000,277.930000,278.080000,0
20110103 100226000,277.950000,278.100000,0
20110103 100233000,277.880000,278.030000,0
20110103 100234000,277.930000,278.080000,0
20110103 100704000,277.980000,278.130000,0
20110103 101331000,277.960000,278.110000,0
20110103 102750000,277.950000,278.100000,0
20110103 102944000,277.920000,278.070000,0
20110103 103019000,277.880000,278.030000,0
20110103 103614000,277.890000,278.040000,0
20110103 103615000,277.930000,278.080000,0
20110103 103615000,277.940000,278.090000,0
20110103 103626000,277.930000,278.080000,0
20110103 103805000,277.890000,278.040000,0
20110103 103807000,277.880000,278.030000,0
20110103 104411000,277.930000,278.080000,0
20110103 104657000,277.920000,278.070000,0
20110103 104710000,277.930000,278.080000,0
20110103 105225000,277.920000,278.070000,0
20110103 105227000,277.910000,278.060000,0
20110103 105227000,277.900000,278.050000,0
20110103 105244000,277.880000,278.030000,0
20110103 105337000,277.890000,278.040000,0
20110103 105338000,277.900000,278.050000,0
20110103 105754000,277.910000,278.060000,0
20110103 105759000,277.800000,277.950000,0
20110103 105801000,277.780000,277.930000,0
20110103 105853000,277.770000,277.920000,0
20110103 105854000,277.750000,277.900000,0
20110103 105855000,277.730000,277.880000,0
20110103 105900000,277.680000,277.830000,0
20110103 110109000,277.730000,277.880000,0
20110103 110603000,277.810000,277.960000,0
20110103 110603000,277.850000,278.000000,0
20110103 110604000,277.840000,277.990000,0
20110103 110642000,277.850000,278.000000,0
20110103 110706000,277.830000,277.980000,0
20110103 110939000,277.890000,278.040000,0
20110103 111012000,277.900000,278.050000,0
20110103 111015000,277.850000,278.000000,0
20110103 111020000,277.810000,277.960000,0
20110103 111021000,277.800000,277.950000,0
20110103 111022000,277.780000,277.930000,0
20110103 111032000,277.800000,277.950000,0
20110103 111852000,277.780000,277.930000,0
20110103 111855000,277.800000,277.950000,0
20110103 111900000,277.780000,277.930000,0
20110103 112604000,277.800000,277.950000,0
20110103 112618000,277.780000,277.930000,0
20110103 112619000,277.770000,277.920000,0
20110103 112619000,277.760000,277.910000,0
20110103 112621000,277.750000,277.900000,0
20110103 112626000,277.760000,277.910000,0
20110103 112630000,277.750000,277.900000,0
20110103 112723000,277.760000,277.910000,0
20110103 112727000,277.750000,277.900000,0
20110103 112730000,277.760000,277.910000,0
20110103 112749000,277.750000,277.900000,0
20110103 112750000,277.760000,277.910000,0
20110103 112954000,277.740000,277.890000,0
20110103 112955000,277.730000,277.880000,0
20110103 113059000,277.700000,277.850000,0
20110103 113059000,277.680000,277.830000,0
20110103 113112000,277.700000,277.850000,0
20110103 113112000,277.730000,277.880000,0
20110103 113702000,277.760000,277.910000,0
20110103 113703000,277.800000,277.950000,0
20110103 113704000,277.810000,277.960000,0
20110103 113739000,277.700000,277.850000,0
20110103 113740000,277.690000,277.840000,0
20110103 113741000,277.680000,277.830000,0
20110103 113759000,277.700000,277.850000,0
20110103 113759000,277.780000,277.930000,0
20110103 113800000,277.810000,277.960000,0
20110103 113806000,277.780000,277.930000,0
20110103 113806000,277.770000,277.920000,0
20110103 113807000,277.750000,277.900000,0
20110103 113807000,277.730000,277.880000,0
20110103 113821000,277.780000,277.930000,0
20110103 114118000,277.850000,278.000000,0
20110103 114118000,277.840000,277.990000,0
20110103 114628000,277.810000,277.960000,0
20110103 114633000,277.790000,277.940000,0
20110103 115140000,277.780000,277.930000,0
20110103 122227000,277.790000,277.940000,0
20110103 122252000,277.810000,277.960000,0
20110103 122254000,277.790000,277.940000,0
20110103 123050000,277.830000,277.980000,0
20110103 123245000,277.740000,277.890000,0
20110103 123246000,277.720000,277.870000,0
20110103 123247000,277.680000,277.830000,0
20110103 125458000,277.800000,277.950000,0
20110103 125459000,277.810000,277.960000,0
20110103 125500000,277.830000,277.980000,0
20110103 125529000,277.780000,277.930000,0
20110103 125529000,277.770000,277.920000,0
20110103 125531000,277.750000,277.900000,0
20110103 125531000,277.730000,277.880000,0
20110103 134848000,277.720000,277.870000,0
20110103 141801000,277.710000,277.860000,0
20110103 141802000,277.730000,277.880000,0
20110103 141803000,277.720000,277.870000,0
20110103 141813000,277.730000,277.880000,0
20110103 142755000,277.760000,277.910000,0
20110103 142831000,277.750000,277.900000,0
20110103 142833000,277.740000,277.890000,0
20110103 142833000,277.730000,277.880000,0
20110103 145525000,277.760000,277.910000,0
20110103 145610000,277.750000,277.900000,0
20110103 145612000,277.730000,277.880000,0
20110103 151439000,277.760000,277.910000,0
20110103 151500000,277.740000,277.890000,0
20110103 151501000,277.720000,277.870000,0
20110103 152159000,277.760000,277.910000,0
20110103 152216000,277.710000,277.860000,0
20110103 152217000,277.680000,277.830000,0
20110103 152508000,277.750000,277.900000,0
20110103 152509000,277.850000,278.000000,0
20110103 152509000,277.840000,277.990000,0
20110103 152511000,277.880000,278.030000,0
20110103 154511000,277.810000,277.960000,0
20110103 154512000,277.800000,277.950000,0
20110103 154512000,277.780000,277.930000,0
20110103 154513000,277.760000,277.910000,0
20110103 160506000,277.810000,277.960000,0
20110103 165152000,277.800000,277.950000,0
20110103 165155000,277.780000,277.930000,0
20110103 165208000,277.710000,277.860000,0
20110103 165209000,277.700000,277.850000,0
20110103 165210000,277.690000,277.840000,0
20110103 165930000,277.640000,277.790000,0
20110103 165930000,277.630000,277.780000,0
20110103 165949000,277.690000,277.840000,0
20110103 170003000,277.710000,277.860000,0
20110103 170253000,277.630000,277.780000,0
20110103 170800000,277.640000,277.790000,0
20110103 170938000,277.710000,277.860000,0
20110103 171445000,277.690000,277.840000,0
20110103 171453000,277.780000,277.930000,0
20110103 171618000,277.770000,277.920000,0
20110103 171618000,277.780000,277.930000,0
20110103 171954000,277.710000,277.860000,0
20110103 172211000,277.730000,277.880000,0
20110103 172212000,277.710000,277.860000,0
20110103 172450000,277.730000,277.880000,0
20110103 172451000,277.710000,277.860000,0
20110103 172456000,277.730000,277.880000,0
20110103 172530000,277.710000,277.860000,0
20110103 172535000,277.730000,277.880000,0
20110103 172539000,277.710000,277.860000,0
20110103 172754000,277.730000,277.880000,0
20110103 172755000,277.710000,277.860000,0
20110103 173107000,277.730000,277.880000,0
20110103 173214000,277.710000,277.860000,0
20110103 173214000,277.700000,277.850000,0
20110103 173728000,277.750000,277.900000,0
20110103 174501000,277.840000,277.990000,0
20110103 174502000,277.850000,278.000000,0
20110103 175021000,277.860000,278.010000,0
20110103 175022000,277.850000,278.000000,0
20110103 175526000,277.870000,278.020000,0
20110103 175534000,277.860000,278.010000,0
20110103 175610000,277.870000,278.020000,0
20110103 175806000,277.880000,278.030000,0
20110103 175806000,277.870000,278.020000,0
20110103 175808000,277.880000,278.030000,0
20110103 175927000,277.870000,278.020000,0
20110103 175932000,277.880000,278.030000,0
20110103 175948000,277.870000,278.020000,0
20110103 175952000,277.880000,278.030000,0
20110103 175952000,277.870000,278.020000,0
20110103 175952000,277.880000,278.030000,0
20110103 175954000,277.870000,278.020000,0
20110103 175955000,277.880000,278.030000,0
20110103 175957000,277.870000,278.020000,0
20110103 180006000,277.860000,278.010000,0
20110103 180925000,277.870000,278.020000,0
20110103 180954000,277.860000,278.010000,0
20110103 181044000,277.870000,278.020000,0
20110103 181706000,277.860000,278.010000,0
20110103 182050000,277.870000,278.020000,0
20110103 182202000,277.860000,278.010000,0
20110103 182723000,277.720000,277.870000,0
20110103 182725000,277.680000,277.830000,0
20110103 182726000,277.660000,277.810000,0
20110103 182730000,277.760000,277.910000,0
20110103 182731000,277.860000,278.010000,0
20110103 183609000,277.870000,278.020000,0
20110103 183704000,277.860000,278.010000,0
20110103 184414000,277.810000,277.960000,0
20110103 184428000,277.860000,278.010000,0
20110103 193110000,277.810000,277.960000,0
20110103 193121000,277.830000,277.980000,0
20110103 193336000,277.860000,278.010000,0
20110103 195425000,277.870000,278.020000,0
20110103 200010000,277.860000,278.010000,0
20110103 200207000,277.850000,278.000000,0
20110103 200216000,277.860000,278.010000,0
20110103 200355000,277.850000,278.000000,0
20110103 200407000,277.840000,277.990000,0
20110103 200422000,277.850000,278.000000,0
20110103 201017000,277.860000,278.010000,0
20110103 201208000,277.850000,278.000000,0
20110103 201219000,277.860000,278.010000,0
20110103 201344000,277.850000,278.000000,0
20110103 201409000,277.860000,278.010000,0
20110103 201720000,277.850000,278.000000,0
20110103 201826000,277.860000,278.010000,0
20110103 201829000,277.850000,278.000000,0
20110103 201842000,277.860000,278.010000,0
20110103 202313000,277.840000,277.990000,0
20110103 202443000,277.830000,277.980000,0
20110103 202547000,277.840000,277.990000,0
20110103 202818000,277.860000,278.010000,0
20110103 202820000,277.850000,278.000000,0
20110103 202845000,277.860000,278.010000,0
20110103 202901000,277.850000,278.000000,0
20110103 202904000,277.860000,278.010000,0
20110103 202906000,277.850000,278.000000,0
20110103 202912000,277.860000,278.010000,0
20110103 202917000,277.850000,278.000000,0
20110103 203003000,277.860000,278.010000,0
20110103 203016000,277.850000,278.000000,0
20110103 203134000,277.840000,277.990000,0
20110103 203140000,277.850000,278.000000,0
20110103 203153000,277.840000,277.990000,0
20110103 203155000,277.850000,278.000000,0
20110103 203156000,277.840000,277.990000,0
20110103 203202000,277.830000,277.980000,0
20110103 203320000,277.840000,277.990000,0
20110103 203640000,277.830000,277.980000,0
20110103 203824000,277.840000,277.990000,0
20110103 203918000,277.850000,278.000000,0
20110103 203928000,277.840000,277.990000,0
20110103 203945000,277.850000,278.000000,0
20110103 204006000,277.860000,278.010000,0
20110103 204008000,277.850000,278.000000,0
20110103 204009000,277.860000,278.010000,0
20110103 204013000,277.850000,278.000000,0
20110103 204013000,277.860000,278.010000,0
20110103 204015000,277.850000,278.000000,0
20110103 204017000,277.860000,278.010000,0
20110103 204019000,277.850000,278.000000,0
20110103 204020000,277.860000,278.010000,0
20110103 204138000,277.870000,278.020000,0
20110103 204209000,277.860000,278.010000,0
20110103 204228000,277.870000,278.020000,0
20110103 204233000,277.860000,278.010000,0
20110103 204237000,277.870000,278.020000,0
20110103 204304000,277.860000,278.010000,0
20110103 204309000,277.870000,278.020000,0
20110103 204312000,277.860000,278.010000,0
20110103 204316000,277.870000,278.020000,0
20110103 204317000,277.860000,278.010000,0
20110103 204341000,277.850000,278.000000,0
20110103 204344000,277.860000,278.010000,0
20110103 204347000,277.850000,278.000000,0
20110103 204359000,277.860000,278.010000,0
20110103 204401000,277.850000,278.000000,0
20110103 204425000,277.860000,278.010000,0
20110103 204436000,277.850000,278.000000,0
20110103 204625000,277.860000,278.010000,0
20110103 204741000,277.850000,278.000000,0
20110103 204742000,277.840000,277.990000,0
20110103 204742000,277.850000,278.000000,0
20110103 204804000,277.840000,277.990000,0
20110103 204809000,277.850000,278.000000,0
20110103 204817000,277.840000,277.990000,0
20110103 204822000,277.850000,278.000000,0
20110103 204823000,277.840000,277.990000,0
20110103 204824000,277.850000,278.000000,0
20110103 204825000,277.840000,277.990000,0
20110103 204842000,277.830000,277.980000,0
20110103 204912000,277.840000,277.990000,0
20110103 204914000,277.830000,277.980000,0
20110103 205004000,277.840000,277.990000,0
20110103 205027000,277.830000,277.980000,0
20110103 205143000,277.840000,277.990000,0
20110103 205151000,277.830000,277.980000,0
20110103 210001000,277.860000,278.010000,0
20110103 211916000,277.870000,278.020000,0
20110103 211919000,277.860000,278.010000,0
20110103 212039000,277.870000,278.020000,0
20110103 212115000,277.860000,278.010000,0
20110103 212122000,277.870000,278.020000,0
20110103 212125000,277.860000,278.010000,0
20110103 213708000,277.870000,278.020000,0
20110103 213712000,277.860000,278.010000,0
20110103 215043000,277.870000,278.020000,0
20110103 215238000,277.860000,278.010000,0
20110103 220000000,277.830000,277.980000,0
20110103 220023000,277.840000,277.990000,0
20110103 220125000,277.830000,277.980000,0
20110103 220153000,277.840000,277.990000,0
20110103 222111000,277.830000,277.980000,0
20110103 222112000,277.840000,277.990000,0
20110103 222117000,277.830000,277.980000,0
20110103 222142000,277.840000,277.990000,0
20110103 222840000,277.830000,277.980000,0
20110103 222849000,277.840000,277.990000,0
20110103 223031000,277.830000,277.980000,0
20110103 223032000,277.840000,277.990000,0
20110103 223454000,277.730000,277.880000,0
20110103 223455000,277.840000,277.990000,0
20110103 223528000,277.730000,277.880000,0
20110103 223534000,277.830000,277.980000,0
20110103 223543000,277.730000,277.880000,0
20110103 223545000,277.840000,277.990000,0
20110103 224231000,277.830000,277.980000,0
20110103 224239000,277.840000,277.990000,0
20110103 224243000,277.830000,277.980000,0
20110103 224945000,277.840000,277.990000,0
20110103 225016000,277.830000,277.980000,0
20110103 225031000,277.840000,277.990000,0
20110103 225038000,277.830000,277.980000,0
20110103 230012000,277.860000,278.010000,0
20110103 231307000,277.870000,278.020000,0
20110103 231358000,277.860000,278.010000,0
20110103 231411000,277.870000,278.020000,0
20110103 231528000,277.860000,278.010000,0
20110103 231529000,277.870000,278.020000,0
20110103 231839000,277.860000,278.010000,0
20110103 231852000,277.870000,278.020000,0
20110103 231902000,277.860000,278.010000,0
20110103 231921000,277.870000,278.020000,0
20110103 232053000,277.860000,278.010000,0
20110103 232110000,277.870000,278.020000,0
20110103 232116000,277.860000,278.010000,0
20110103 232601000,277.870000,278.020000,0
20110103 233659000,277.860000,278.010000,0
20110104 000000000,277.840000,277.990000,0
20110104 001033000,277.850000,278.000000,0
20110104 001055000,277.840000,277.990000,0
20110104 003837000,277.850000,278.000000,0
20110104 003940000,277.840000,277.990000,0
20110104 003948000,277.850000,278.000000,0
20110104 004315000,277.860000,278.010000,0
20110104 004334000,277.850000,278.000000,0
20110104 004349000,277.860000,278.010000,0
20110104 004350000,277.850000,278.000000,0
20110104 004350000,277.860000,278.010000,0
20110104 004351000,277.850000,278.000000,0
20110104 004352000,277.860000,278.010000,0
20110104 004353000,277.850000,278.000000,0
20110104 004355000,277.860000,278.010000,0
20110104 004356000,277.850000,278.000000,0
20110104 004414000,277.860000,278.010000,0
20110104 004414000,277.850000,278.000000,0
20110104 004454000,277.840000,277.990000,0
20110104 004627000,277.830000,277.980000,0
20110104 004820000,277.840000,277.990000,0
20110104 004820000,277.830000,277.980000,0
20110104 004827000,277.840000,277.990000,0
20110104 004942000,277.830000,277.980000,0
20110104 005512000,277.840000,277.990000,0
20110104 005558000,277.830000,277.980000,0
20110104 005559000,277.840000,277.990000,0
20110104 005601000,277.830000,277.980000,0
20110104 005602000,277.840000,277.990000,0
20110104 005607000,277.830000,277.980000,0
20110104 005608000,277.840000,277.990000,0
20110104 005647000,277.830000,277.980000,0
20110104 005647000,277.840000,277.990000,0
20110104 005648000,277.830000,277.980000,0
20110104 005648000,277.840000,277.990000,0
20110104 005648000,277.830000,277.980000,0
20110104 005650000,277.840000,277.990000,0
20110104 005651000,277.830000,277.980000,0
20110104 005657000,277.840000,277.990000,0
20110104 005708000,277.850000,278.000000,0
20110104 005711000,277.860000,278.010000,0
20110104 005713000,277.850000,278.000000,0
20110104 005713000,277.860000,278.010000,0
20110104 005814000,277.850000,278.000000,0
20110104 005818000,277.860000,278.010000,0
20110104 005819000,277.850000,278.000000,0
20110104 005820000,277.860000,278.010000,0
20110104 005820000,277.850000,278.000000,0
20110104 005858000,277.840000,277.990000,0
20110104 005859000,277.850000,278.000000,0
20110104 010000000,277.860000,278.010000,0
20110104 010649000,277.870000,278.020000,0
20110104 010709000,277.860000,278.010000,0
20110104 010740000,277.870000,278.020000,0
20110104 010750000,277.860000,278.010000,0
20110104 010819000,277.870000,278.020000,0
20110104 010819000,277.860000,278.010000,0
20110104 010825000,277.870000,278.020000,0
20110104 010826000,277.860000,278.010000,0
20110104 010913000,277.870000,278.020000,0
20110104 011359000,277.860000,278.010000,0
20110104 011441000,277.870000,278.020000,0
20110104 011943000,277.860000,278.010000,0
20110104 014017000,277.810000,277.960000,0
20110104 014525000,277.860000,278.010000,0
20110104 015332000,277.870000,278.020000,0
20110104 015333000,277.880000,278.030000,0
20110104 015403000,277.830000,277.980000,0
20110104 015403000,277.810000,277.960000,0
20110104 015447000,277.840000,277.990000,0
20110104 015451000,277.830000,277.980000,0
20110104 015451000,277.840000,277.990000,0
20110104 015501000,277.900000,278.050000,0
20110104 015518000,277.880000,278.030000,0
20110104 015956000,277.870000,278.020000,0
20110104 020007000,277.880000,278.030000,0
20110104 020026000,277.890000,278.040000,0
20110104 020048000,277.880000,278.030000,0
20110104 020151000,277.870000,278.020000,0
20110104 020158000,277.880000,278.030000,0
20110104 020226000,277.870000,278.020000,0
20110104 020229000,277.880000,278.030000,0
20110104 020230000,277.870000,278.020000,0
20110104 020230000,277.880000,278.030000,0
20110104 020235000,277.870000,278.020000,0
20110104 020239000,277.880000,278.030000,0
20110104 020239000,277.870000,278.020000,0
20110104 020246000,277.880000,278.030000,0
20110104 020321000,277.890000,278.040000,0
20110104 020323000,277.880000,278.030000,0
20110104 020325000,277.870000,278.020000,0
20110104 020325000,277.880000,278.030000,0
20110104 020330000,277.870000,278.020000,0
20110104 020342000,277.860000,278.010000,0
20110104 020346000,277.850000,278.000000,0
20110104 020353000,277.840000,277.990000,0
20110104 020421000,277.850000,278.000000,0
20110104 020421000,277.840000,277.990000,0
20110104 020435000,277.850000,278.000000,0
20110104 020437000,277.840000,277.990000,0
20110104 020444000,277.850000,278.000000,0
20110104 020445000,277.840000,277.990000,0
20110104 020446000,277.850000,278.000000,0
20110104 020448000,277.840000,277.990000,0
20110104 020449000,277.850000,278.000000,0
20110104 020510000,277.860000,278.010000,0
20110104 020510000,277.850000,278.000000,0
20110104 020554000,277.840000,277.990000,0
20110104 020616000,277.850000,278.000000,0
20110104 020619000,277.840000,277.990000,0
20110104 020629000,277.850000,278.000000,0
20110104 020633000,277.840000,277.990000,0
20110104 020634000,277.850000,278.000000,0
20110104 020637000,277.840000,277.990000,0
20110104 020650000,277.850000,278.000000,0
20110104 020832000,277.860000,278.010000,0
20110104 020833000,277.850000,278.000000,0
20110104 020835000,277.860000,278.010000,0
20110104 020840000,277.870000,278.020000,0
20110104 020841000,277.860000,278.010000,0
20110104 020843000,277.850000,278.000000,0
20110104 020843000,277.860000,278.010000,0
20110104 020853000,277.870000,278.020000,0
20110104 020854000,277.860000,278.010000,0
20110104 020856000,277.870000,278.020000,0
20110104 020900000,277.890000,278.040000,0
20110104 021403000,277.900000,278.050000,0
20110104 021450000,277.890000,278.040000,0
20110104 021501000,277.900000,278.050000,0
20110104 021501000,277.890000,278.040000,0
20110104 021524000,277.880000,278.030000,0
20110104 021526000,277.890000,278.040000,0
20110104 021529000,277.880000,278.030000,0
20110104 021535000,277.890000,278.040000,0
20110104 021543000,277.880000,278.030000,0
20110104 021553000,277.890000,278.040000,0
20110104 021626000,277.900000,278.050000,0
20110104 021631000,277.890000,278.040000,0
20110104 021635000,277.880000,278.030000,0
20110104 021635000,277.890000,278.040000,0
20110104 021704000,277.880000,278.030000,0
20110104 021708000,277.870000,278.020000,0
20110104 021747000,277.880000,278.030000,0
20110104 021803000,277.860000,278.010000,0
20110104 021804000,277.850000,278.000000,0
20110104 021819000,277.860000,278.010000,0
20110104 021821000,277.850000,278.000000,0
20110104 021835000,277.860000,278.010000,0
20110104 021836000,277.850000,278.000000,0
20110104 021846000,277.720000,277.870000,0
20110104 021850000,277.730000,277.880000,0
20110104 021850000,277.710000,277.860000,0
20110104 021854000,277.720000,277.870000,0
20110104 021854000,277.740000,277.890000,0
20110104 021858000,277.750000,277.900000,0
20110104 021859000,277.760000,277.910000,0
20110104 021859000,277.750000,277.900000,0
20110104 021910000,277.740000,277.890000,0
20110104 021912000,277.750000,277.900000,0
20110104 021913000,277.740000,277.890000,0
20110104 021917000,277.750000,277.900000,0
20110104 021921000,277.740000,277.890000,0
20110104 021922000,277.750000,277.900000,0
20110104 021923000,277.740000,277.890000,0
20110104 021928000,277.750000,277.900000,0
20110104 021931000,277.740000,277.890000,0
20110104 021935000,277.750000,277.900000,0
20110104 021941000,277.740000,277.890000,0
20110104 021945000,277.750000,277.900000,0
20110104 021948000,277.740000,277.890000,0
20110104 021950000,277.750000,277.900000,0
20110104 021951000,277.740000,277.890000,0
20110104 021954000,277.750000,277.900000,0
20110104 022009000,277.740000,277.890000,0
20110104 022012000,277.730000,277.880000,0
20110104 022024000,277.740000,277.890000,0
20110104 022027000,277.730000,277.880000,0
20110104 022028000,277.740000,277.890000,0
20110104 022036000,277.730000,277.880000,0
20110104 022037000,277.740000,277.890000,0
20110104 022037000,277.730000,277.880000,0
20110104 022040000,277.740000,277.890000,0
20110104 022042000,277.730000,277.880000,0
20110104 022115000,277.740000,277.890000,0
20110104 022117000,277.730000,277.880000,0
20110104 022132000,277.740000,277.890000,0
20110104 022148000,277.730000,277.880000,0
20110104 022148000,277.740000,277.890000,0
20110104 022154000,277.730000,277.880000,0
20110104 022241000,277.720000,277.870000,0
20110104 022242000,277.730000,277.880000,0
20110104 022250000,277.720000,277.870000,0
20110104 022258000,277.730000,277.880000,0
20110104 022313000,277.740000,277.890000,0
20110104 022326000,277.750000,277.900000,0
20110104 022425000,277.740000,277.890000,0
20110104 022434000,277.750000,277.900000,0
20110104 022447000,277.740000,277.890000,0
20110104 022451000,277.750000,277.900000,0
20110104 022453000,277.740000,277.890000,0
20110104 022502000,277.750000,277.900000,0
20110104 022507000,277.740000,277.890000,0
20110104 022520000,277.620000,277.770000,0
20110104 022525000,277.690000,277.840000,0
20110104 022529000,277.710000,277.860000,0
20110104 022529000,277.730000,277.880000,0
20110104 022529000,277.720000,277.870000,0
20110104 022533000,277.730000,277.880000,0
20110104 022620000,277.720000,277.870000,0
20110104 022620000,277.730000,277.880000,0
20110104 022626000,277.720000,277.870000,0
20110104 022626000,277.730000,277.880000,0
20110104 022635000,277.720000,277.870000,0
20110104 022754000,277.680000,277.830000,0
20110104 022754000,277.670000,277.820000,0
20110104 022756000,277.640000,277.790000,0
20110104 022757000,277.650000,277.800000,0
20110104 022758000,277.640000,277.790000,0
20110104 022802000,277.650000,277.800000,0
20110104 022802000,277.670000,277.820000,0
20110104 022806000,277.680000,277.830000,0
20110104 022808000,277.670000,277.820000,0
20110104 022808000,277.680000,277.830000,0
20110104 022808000,277.700000,277.850000,0
20110104 022809000,277.710000,277.860000,0
20110104 022812000,277.720000,277.870000,0
20110104 022814000,277.710000,277.860000,0
20110104 022815000,277.690000,277.840000,0
20110104 022816000,277.680000,277.830000,0
20110104 022821000,277.690000,277.840000,0
20110104 022822000,277.680000,277.830000,0
20110104 022826000,277.670000,277.820000,0
20110104 022828000,277.680000,277.830000,0
20110104 022829000,277.670000,277.820000,0
20110104 022833000,277.680000,277.830000,0
20110104 022835000,277.670000,277.820000,0
20110104 022837000,277.680000,277.830000,0
20110104 022908000,277.670000,277.820000,0
20110104 022958000,277.660000,277.810000,0
20110104 022958000,277.600000,277.750000,0
20110104 023000000,277.590000,277.740000,0
20110104 023002000,277.600000,277.750000,0
20110104 023005000,277.610000,277.760000,0
20110104 023014000,277.620000,277.770000,0
20110104 023020000,277.610000,277.760000,0
20110104 023022000,277.620000,277.770000,0
20110104 023023000,277.610000,277.760000,0
20110104 023027000,277.620000,277.770000,0
20110104 023033000,277.610000,277.760000,0
20110104 023033000,277.620000,277.770000,0
20110104 023034000,277.610000,277.760000,0
20110104 023034000,277.620000,277.770000,0
20110104 023035000,277.610000,277.760000,0
20110104 023039000,277.590000,277.740000,0
20110104 023042000,277.580000,277.730000,0
20110104 023044000,277.570000,277.720000,0
20110104 023045000,277.550000,277.700000,0
20110104 023046000,277.520000,277.670000,0
20110104 023046000,277.480000,277.630000,0
20110104 023047000,277.470000,277.620000,0
20110104 023049000,277.460000,277.610000,0
20110104 023054000,277.450000,277.600000,0
20110104 023055000,277.460000,277.610000,0
20110104 023055000,277.450000,277.600000,0
20110104 023057000,277.460000,277.610000,0
20110104 023058000,277.450000,277.600000,0
20110104 023058000,277.460000,277.610000,0
20110104 023059000,277.450000,277.600000,0
20110104 023059000,277.460000,277.610000,0
20110104 023101000,277.450000,277.600000,0
20110104 023106000,277.460000,277.610000,0
20110104 023108000,277.450000,277.600000,0
20110104 023112000,277.460000,277.610000,0
20110104 023118000,277.450000,277.600000,0
20110104 023122000,277.460000,277.610000,0
20110104 023125000,277.450000,277.600000,0
20110104 023143000,277.460000,277.610000,0
20110104 023145000,277.450000,277.600000,0
20110104 023153000,277.440000,277.590000,0
20110104 023154000,277.450000,277.600000,0
20110104 023154000,277.440000,277.590000,0
20110104 023155000,277.450000,277.600000,0
20110104 023204000,277.440000,277.590000,0
20110104 023214000,277.430000,277.580000,0
20110104 023216000,277.380000,277.530000,0
20110104 023219000,277.370000,277.520000,0
20110104 023220000,277.360000,277.510000,0
20110104 023237000,277.350000,277.500000,0
20110104 023241000,277.360000,277.510000,0
20110104 023241000,277.350000,277.500000,0
20110104 023244000,277.360000,277.510000,0
20110104 023247000,277.350000,277.500000,0
20110104 023328000,277.340000,277.490000,0
20110104 023328000,277.330000,277.480000,0
20110104 023329000,277.340000,277.490000,0
20110104 023329000,277.330000,277.480000,0
20110104 023339000,277.340000,277.490000,0
20110104 023341000,277.330000,277.480000,0
20110104 023341000,277.340000,277.490000,0
20110104 023358000,277.350000,277.500000,0
20110104 023359000,277.340000,277.490000,0
20110104 023359000,277.350000,277.500000,0
20110104 023415000,277.340000,277.490000,0
20110104 023421000,277.400000,277.550000,0
20110104 023423000,277.390000,277.540000,0
20110104 023510000,277.370000,277.520000,0
20110104 023511000,277.340000,277.490000,0
20110104 023513000,277.330000,277.480000,0
20110104 023522000,277.340000,277.490000,0
20110104 023523000,277.330000,277.480000,0
20110104 023523000,277.340000,277.490000,0
20110104 023524000,277.330000,277.480000,0
20110104 023527000,277.340000,277.490000,0
20110104 023527000,277.330000,277.480000,0
20110104 023528000,277.340000,277.490000,0
20110104 023531000,277.480000,277.630000,0
20110104 023531000,277.510000,277.660000,0
20110104 023531000,277.520000,277.670000,0
20110104 023537000,277.430000,277.580000,0
20110104 023540000,277.410000,277.560000,0
20110104 023541000,277.400000,277.550000,0
20110104 023609000,277.390000,277.540000,0
20110104 023612000,277.400000,277.550000,0
20110104 023613000,277.390000,277.540000,0
20110104 023615000,277.400000,277.550000,0
20110104 023622000,277.410000,277.560000,0
20110104 023626000,277.400000,277.550000,0
20110104 023638000,277.390000,277.540000,0
20110104 023641000,277.380000,277.530000,0
20110104 023643000,277.390000,277.540000,0
20110104 023643000,277.410000,277.560000,0
20110104 023647000,277.400000,277.550000,0
20110104 023651000,277.410000,277.560000,0
20110104 023651000,277.400000,277.550000,0
20110104 023652000,277.410000,277.560000,0
20110104 023655000,277.400000,277.550000,0
20110104 023656000,277.420000,277.570000,0
20110104 023700000,277.430000,277.580000,0
20110104 023739000,277.440000,277.590000,0
20110104 023742000,277.450000,277.600000,0
20110104 023743000,277.440000,277.590000,0
20110104 023743000,277.450000,277.600000,0
20110104 023744000,277.440000,277.590000,0
20110104 023757000,277.450000,277.600000,0
20110104 023758000,277.440000,277.590000,0
20110104 023809000,277.450000,277.600000,0
20110104 023812000,277.440000,277.590000,0
20110104 023826000,277.430000,277.580000,0
20110104 023834000,277.420000,277.570000,0
20110104 023835000,277.410000,277.560000,0
20110104 023836000,277.420000,277.570000,0
20110104 023837000,277.410000,277.560000,0
20110104 023838000,277.420000,277.570000,0
20110104 023842000,277.410000,277.560000,0
20110104 023843000,277.400000,277.550000,0
20110104 023845000,277.410000,277.560000,0
20110104 023850000,277.400000,277.550000,0
20110104 023850000,277.410000,277.560000,0
20110104 023856000,277.400000,277.550000,0
20110104 023857000,277.410000,277.560000,0
20110104 023857000,277.400000,277.550000,0
20110104 023901000,277.410000,277.560000,0
20110104 023901000,277.400000,277.550000,0
20110104 023904000,277.410000,277.560000,0
20110104 024217000,277.400000,277.550000,0
20110104 024223000,277.390000,277.540000,0
20110104 024227000,277.380000,277.530000,0
20110104 024230000,277.390000,277.540000,0
20110104 024232000,277.380000,277.530000,0
20110104 024232000,277.390000,277.540000,0
20110104 024235000,277.400000,277.550000,0
20110104 024236000,277.390000,277.540000,0
20110104 024247000,277.380000,277.530000,0
20110104 024248000,277.390000,277.540000,0
20110104 024249000,277.380000,277.530000,0
20110104 024255000,277.390000,277.540000,0
20110104 024323000,277.400000,277.550000,0
20110104 024323000,277.390000,277.540000,0
20110104 024326000,277.380000,277.530000,0
20110104 024344000,277.360000,277.510000,0
20110104 024345000,277.350000,277.500000,0
20110104 024349000,277.340000,277.490000,0
20110104 024412000,277.330000,277.480000,0
20110104 024412000,277.340000,277.490000,0
20110104 024412000,277.330000,277.480000,0
20110104 024413000,277.340000,277.490000,0
20110104 024420000,277.330000,277.480000,0
20110104 024421000,277.340000,277.490000,0
20110104 024422000,277.330000,277.480000,0
20110104 024428000,277.340000,277.490000,0
20110104 024440000,277.330000,277.480000,0
20110104 024442000,277.340000,277.490000,0
20110104 024443000,277.330000,277.480000,0
20110104 024444000,277.340000,277.490000,0
20110104 024444000,277.390000,277.540000,0
20110104 024500000,277.370000,277.520000,0
20110104 024502000,277.360000,277.510000,0
20110104 024525000,277.370000,277.520000,0
20110104 024532000,277.360000,277.510000,0
20110104 024745000,277.350000,277.500000,0
20110104 024746000,277.340000,277.490000,0
20110104 024758000,277.320000,277.470000,0
20110104 024759000,277.310000,277.460000,0
20110104 024801000,277.300000,277.450000,0
20110104 024801000,277.290000,277.440000,0
20110104 024802000,277.330000,277.480000,0
20110104 024804000,277.340000,277.490000,0
20110104 024814000,277.350000,277.500000,0
20110104 024815000,277.340000,277.490000,0
20110104 024817000,277.360000,277.510000,0
20110104 024902000,277.350000,277.500000,0
20110104 024905000,277.360000,277.510000,0
20110104 024907000,277.320000,277.470000,0
20110104 024910000,277.310000,277.460000,0
20110104 024910000,277.360000,277.510000,0
20110104 024911000,277.350000,277.500000,0
20110104 024912000,277.360000,277.510000,0
20110104 024912000,277.340000,277.490000,0
20110104 024913000,277.330000,277.480000,0
20110104 024915000,277.300000,277.450000,0
20110104 024915000,277.270000,277.420000,0
20110104 024916000,277.300000,277.450000,0
20110104 024917000,277.310000,277.460000,0
20110104 024919000,277.270000,277.420000,0
20110104 024920000,277.280000,277.430000,0
20110104 024921000,277.270000,277.420000,0
20110104 024922000,277.260000,277.410000,0
20110104 024925000,277.270000,277.420000,0
20110104 024938000,277.260000,277.410000,0
20110104 024947000,277.250000,277.400000,0
20110104 024952000,277.260000,277.410000,0
20110104 025005000,277.230000,277.380000,0
20110104 025010000,277.220000,277.370000,0
20110104 025017000,277.210000,277.360000,0
20110104 025021000,277.200000,277.350000,0
20110104 025022000,277.210000,277.360000,0
20110104 025023000,277.200000,277.350000,0
20110104 025024000,277.210000,277.360000,0
20110104 025025000,277.200000,277.350000,0
20110104 025025000,277.210000,277.360000,0
20110104 025030000,277.200000,277.350000,0
20110104 025033000,277.210000,277.360000,0
20110104 025033000,277.200000,277.350000,0
20110104 025034000,277.210000,277.360000,0
20110104 025035000,277.200000,277.350000,0
20110104 025055000,277.160000,277.310000,0
20110104 025059000,277.150000,277.300000,0
20110104 025107000,277.140000,277.290000,0
20110104 025109000,277.150000,277.300000,0
20110104 025111000,277.140000,277.290000,0
20110104 025117000,277.130000,277.280000,0
20110104 025119000,277.120000,277.270000,0
20110104 025119000,277.130000,277.280000,0
20110104 025120000,277.110000,277.260000,0
20110104 025120000,277.120000,277.270000,0
20110104 025123000,277.110000,277.260000,0
20110104 025125000,277.120000,277.270000,0
20110104 025125000,277.110000,277.260000,0
20110104 025126000,277.130000,277.280000,0
20110104 025127000,277.110000,277.260000,0
20110104 025127000,277.100000,277.250000,0
20110104 025128000,277.090000,277.240000,0
20110104 025136000,277.100000,277.250000,0
20110104 025137000,277.110000,277.260000,0
20110104 025147000,277.100000,277.250000,0
20110104 025228000,277.090000,277.240000,0
20110104 025229000,277.100000,277.250000,0
20110104 025230000,277.090000,277.240000,0
20110104 025239000,277.010000,277.160000,0
20110104 025239000,277.000000,277.150000,0
20110104 025239000,276.990000,277.140000,0
20110104 025240000,276.970000,277.120000,0
20110104 025243000,276.960000,277.110000,0
20110104 025246000,276.970000,277.120000,0
20110104 025249000,276.960000,277.110000,0
20110104 025252000,276.970000,277.120000,0
20110104 025255000,276.980000,277.130000,0
20110104 025302000,276.970000,277.120000,0
20110104 025304000,276.980000,277.130000,0
20110104 025314000,276.990000,277.140000,0
20110104 025315000,276.970000,277.120000,0
20110104 025316000,276.960000,277.110000,0
20110104 025317000,276.950000,277.100000,0
20110104 025317000,276.960000,277.110000,0
20110104 025327000,276.950000,277.100000,0
20110104 025328000,276.960000,277.110000,0
20110104 025330000,276.850000,277.000000,0
20110104 025331000,276.810000,276.960000,0
20110104 025331000,276.780000,276.930000,0
20110104 025334000,276.800000,276.950000,0
20110104 025335000,276.750000,276.900000,0
20110104 025337000,276.760000,276.910000,0
20110104 025339000,276.750000,276.900000,0
20110104 025339000,276.760000,276.910000,0
20110104 025340000,276.920000,277.070000,0
20110104 025341000,276.980000,277.130000,0
20110104 025342000,277.020000,277.170000,0
20110104 025345000,277.000000,277.150000,0
20110104 025346000,276.980000,277.130000,0
20110104 025347000,276.970000,277.120000,0
20110104 025405000,276.980000,277.130000,0
20110104 025405000,276.990000,277.140000,0
20110104 025414000,277.000000,277.150000,0
20110104 025419000,276.990000,277.140000,0
20110104 025420000,277.000000,277.150000,0
20110104 025421000,276.990000,277.140000,0
20110104 025422000,277.000000,277.150000,0
20110104 025427000,277.010000,277.160000,0
20110104 025453000,277.020000,277.170000,0
20110104 025506000,277.010000,277.160000,0
20110104 025507000,277.000000,277.150000,0
20110104 025517000,276.990000,277.140000,0
20110104 025518000,276.980000,277.130000,0
20110104 025519000,276.970000,277.120000,0
20110104 025519000,277.000000,277.150000,0
20110104 025522000,276.980000,277.130000,0
20110104 025523000,276.990000,277.140000,0
20110104 025524000,276.980000,277.130000,0
20110104 025535000,276.880000,277.030000,0
20110104 025536000,276.760000,276.910000,0
20110104 025623000,276.770000,276.920000,0
20110104 025623000,276.760000,276.910000,0
20110104 025624000,276.770000,276.920000,0
20110104 025625000,276.760000,276.910000,0
20110104 025631000,276.770000,276.920000,0
20110104 025632000,276.760000,276.910000,0
20110104 025635000,276.800000,276.950000,0
20110104 025637000,276.820000,276.970000,0
20110104 025637000,276.870000,277.020000,0
20110104 025644000,276.850000,277.000000,0
20110104 025644000,276.840000,276.990000,0
20110104 025647000,276.870000,277.020000,0
20110104 025648000,276.860000,277.010000,0
20110104 025652000,276.840000,276.990000,0
20110104 025715000,276.810000,276.960000,0
20110104 025901000,276.840000,276.990000,0
20110104 025952000,276.800000,276.950000,0
20110104 030008000,276.820000,276.970000,0
20110104 030011000,276.800000,276.950000,0
20110104 030013000,276.790000,276.940000,0
20110104 030013000,276.810000,276.960000,0
20110104 030015000,276.770000,276.920000,0
20110104 030017000,276.760000,276.910000,0
20110104 030017000,276.750000,276.900000,0
20110104 030130000,276.760000,276.910000,0
20110104 030131000,276.750000,276.900000,0
20110104 030137000,276.740000,276.890000,0
20110104 030148000,276.750000,276.900000,0
20110104 030226000,276.830000,276.980000,0
20110104 030228000,276.850000,277.000000,0
20110104 030231000,276.860000,277.010000,0
20110104 030233000,276.810000,276.960000,0
20110104 030235000,276.800000,276.950000,0
20110104 030235000,276.790000,276.940000,0
20110104 030238000,276.780000,276.930000,0
20110104 030240000,276.790000,276.940000,0
20110104 030240000,276.780000,276.930000,0
20110104 030242000,276.770000,276.920000,0
20110104 030254000,276.820000,276.970000,0
20110104 030301000,276.810000,276.960000,0
20110104 030415000,276.770000,276.920000,0
20110104 030430000,276.780000,276.930000,0
20110104 030431000,276.770000,276.920000,0
20110104 030437000,276.780000,276.930000,0
20110104 030438000,276.770000,276.920000,0
20110104 030445000,276.780000,276.930000,0
20110104 030445000,276.790000,276.940000,0
20110104 030449000,276.800000,276.950000,0
20110104 030451000,276.780000,276.930000,0
20110104 030453000,276.770000,276.920000,0
20110104 030456000,276.790000,276.940000,0
20110104 030457000,276.800000,276.950000,0
20110104 030503000,276.840000,276.990000,0
20110104 030504000,276.830000,276.980000,0
20110104 030504000,276.810000,276.960000,0
20110104 030506000,276.800000,276.950000,0
20110104 030508000,276.820000,276.970000,0
20110104 030509000,276.810000,276.960000,0
20110104 030512000,276.800000,276.950000,0
20110104 030521000,276.820000,276.970000,0
20110104 030522000,276.810000,276.960000,0
20110104 030525000,276.800000,276.950000,0
20110104 030633000,276.740000,276.890000,0
20110104 030634000,276.780000,276.930000,0
20110104 031248000,276.770000,276.920000,0
20110104 031432000,276.780000,276.930000,0
20110104 031602000,276.820000,276.970000,0
20110104 031602000,276.830000,276.980000,0
20110104 031652000,276.820000,276.970000,0
20110104 031703000,276.780000,276.930000,0
20110104 031711000,276.770000,276.920000,0
20110104 031715000,276.760000,276.910000,0
20110104 031722000,276.740000,276.890000,0
20110104 031723000,276.760000,276.910000,0
20110104 031845000,276.780000,276.930000,0
20110104 031903000,276.760000,276.910000,0
20110104 031910000,276.740000,276.890000,0
20110104 031911000,276.730000,276.880000,0
20110104 031914000,276.750000,276.900000,0
20110104 032046000,276.720000,276.870000,0
20110104 032047000,276.700000,276.850000,0
20110104 032048000,276.690000,276.840000,0
20110104 032050000,276.680000,276.830000,0
20110104 032114000,276.750000,276.900000,0
20110104 032202000,276.740000,276.890000,0
20110104 032204000,276.720000,276.870000,0
20110104 032204000,276.710000,276.860000,0
20110104 032211000,276.740000,276.890000,0
20110104 032211000,276.750000,276.900000,0
20110104 032212000,276.730000,276.880000,0
20110104 032213000,276.720000,276.870000,0
20110104 032214000,276.710000,276.860000,0
20110104 032409000,276.700000,276.850000,0
20110104 032410000,276.690000,276.840000,0
20110104 032413000,276.680000,276.830000,0
20110104 032421000,276.700000,276.850000,0
20110104 032454000,276.680000,276.830000,0
20110104 032455000,276.670000,276.820000,0
20110104 032837000,276.700000,276.850000,0
20110104 032933000,276.690000,276.840000,0
20110104 032935000,276.680000,276.830000,0
20110104 032935000,276.710000,276.860000,0
20110104 032944000,276.690000,276.840000,0
20110104 032944000,276.730000,276.880000,0
20110104 032945000,276.750000,276.900000,0
20110104 032954000,276.800000,276.950000,0
20110104 032959000,276.780000,276.930000,0
20110104 033000000,276.800000,276.950000,0
20110104 033001000,276.750000,276.900000,0
20110104 033003000,276.740000,276.890000,0
20110104 033003000,276.730000,276.880000,0
20110104 033102000,276.740000,276.890000,0
20110104 033103000,276.730000,276.880000,0
20110104 033104000,276.720000,276.870000,0
20110104 033122000,276.710000,276.860000,0
20110104 033125000,276.700000,276.850000,0
20110104 033158000,276.720000,276.870000,0
20110104 033349000,276.750000,276.900000,0
20110104 033406000,276.770000,276.920000,0
20110104 033424000,276.800000,276.950000,0
20110104 033435000,276.780000,276.930000,0
20110104 033436000,276.770000,276.920000,0
20110104 033607000,276.790000,276.940000,0
20110104 033710000,276.780000,276.930000,0
20110104 033812000,276.790000,276.940000,0
20110104 034214000,276.780000,276.930000,0
20110104 034216000,276.770000,276.920000,0
20110104 034219000,276.750000,276.900000,0
20110104 034219000,276.730000,276.880000,0
20110104 034221000,276.720000,276.870000,0
20110104 034441000,276.750000,276.900000,0
20110104 034445000,276.720000,276.870000,0
20110104 034447000,276.710000,276.860000,0
20110104 034448000,276.700000,276.850000,0
20110104 034611000,276.740000,276.890000,0
20110104 034635000,276.710000,276.860000,0
20110104 034636000,276.700000,276.850000,0
20110104 034708000,276.740000,276.890000,0
20110104 034710000,276.760000,276.910000,0
20110104 034713000,276.730000,276.880000,0
20110104 034713000,276.710000,276.860000,0
20110104 034714000,276.700000,276.850000,0
20110104 034726000,276.740000,276.890000,0
20110104 034728000,276.760000,276.910000,0
20110104 034824000,276.680000,276.830000,0
20110104 034836000,276.710000,276.860000,0
20110104 034837000,276.690000,276.840000,0
20110104 034838000,276.680000,276.830000,0
20110104 034850000,276.650000,276.800000,0
20110104 034850000,276.640000,276.790000,0
20110104 034852000,276.630000,276.780000,0
20110104 034859000,276.640000,276.790000,0
20110104 034859000,276.680000,276.830000,0
20110104 034900000,276.670000,276.820000,0
20110104 034901000,276.680000,276.830000,0
20110104 034905000,276.690000,276.840000,0
20110104 034909000,276.680000,276.830000,0
20110104 034910000,276.670000,276.820000,0
20110104 035515000,276.690000,276.840000,0
20110104 035526000,276.700000,276.850000,0
20110104 035528000,276.690000,276.840000,0
20110104 035541000,276.700000,276.850000,0
20110104 035655000,276.730000,276.880000,0
20110104 035706000,276.710000,276.860000,0
20110104 035953000,276.730000,276.880000,0
20110104 040013000,276.710000,276.860000,0
20110104 040105000,276.720000,276.870000,0
20110104 040107000,276.710000,276.860000,0
20110104 040213000,276.700000,276.850000,0
20110104 040233000,276.690000,276.840000,0
20110104 040234000,276.700000,276.850000,0
20110104 040234000,276.690000,276.840000,0
20110104 040235000,276.700000,276.850000,0
20110104 040345000,276.690000,276.840000,0
20110104 040348000,276.700000,276.850000,0
20110104 040555000,276.690000,276.840000,0
20110104 040639000,276.680000,276.830000,0
20110104 040947000,276.670000,276.820000,0
20110104 040952000,276.660000,276.810000,0
20110104 040959000,276.670000,276.820000,0
20110104 040959000,276.660000,276.810000,0
20110104 041000000,276.670000,276.820000,0
20110104 041001000,276.660000,276.810000,0
20110104 041001000,276.670000,276.820000,0
20110104 041002000,276.660000,276.810000,0
20110104 041002000,276.670000,276.820000,0
20110104 041019000,276.660000,276.810000,0
20110104 041019000,276.670000,276.820000,0
20110104 041022000,276.660000,276.810000,0
20110104 041155000,276.670000,276.820000,0
20110104 041211000,276.660000,276.810000,0
20110104 041212000,276.670000,276.820000,0
20110104 041212000,276.660000,276.810000,0
20110104 041218000,276.670000,276.820000,0
20110104 041218000,276.660000,276.810000,0
20110104 041218000,276.670000,276.820000,0
20110104 041232000,276.680000,276.830000,0
20110104 041234000,276.670000,276.820000,0
20110104 041245000,276.660000,276.810000,0
20110104 041247000,276.670000,276.820000,0
20110104 041250000,276.660000,276.810000,0
20110104 041325000,276.640000,276.790000,0
20110104 041333000,276.630000,276.780000,0
20110104 041334000,276.640000,276.790000,0
20110104 041342000,276.630000,276.780000,0
20110104 041404000,276.640000,276.790000,0
20110104 041414000,276.630000,276.780000,0
20110104 041416000,276.620000,276.770000,0
20110104 041417000,276.630000,276.780000,0
20110104 041420000,276.620000,276.770000,0
20110104 041428000,276.610000,276.760000,0
20110104 041429000,276.620000,276.770000,0
20110104 041443000,276.630000,276.780000,0
20110104 041444000,276.660000,276.810000,0
20110104 041451000,276.670000,276.820000,0
20110104 041452000,276.660000,276.810000,0
20110104 041519000,276.650000,276.800000,0
20110104 041521000,276.660000,276.810000,0
20110104 041522000,276.650000,276.800000,0
20110104 041524000,276.640000,276.790000,0
20110104 041532000,276.650000,276.800000,0
20110104 041535000,276.640000,276.790000,0
20110104 041536000,276.650000,276.800000,0
20110104 041537000,276.640000,276.790000,0
20110104 041539000,276.650000,276.800000,0
20110104 041541000,276.640000,276.790000,0
20110104 041543000,276.650000,276.800000,0
20110104 041544000,276.640000,276.790000,0
20110104 041547000,276.650000,276.800000,0
20110104 041548000,276.640000,276.790000,0
20110104 041548000,276.650000,276.800000,0
20110104 041549000,276.640000,276.790000,0
20110104 041552000,276.650000,276.800000,0
20110104 041553000,276.640000,276.790000,0
20110104 041558000,276.650000,276.800000,0
20110104 041559000,276.640000,276.790000,0
20110104 041615000,276.630000,276.780000,0
20110104 041615000,276.640000,276.790000,0
20110104 041616000,276.630000,276.780000,0
20110104 041618000,276.640000,276.790000,0
20110104 041619000,276.630000,276.780000,0
20110104 041621000,276.640000,276.790000,0
20110104 041621000,276.630000,276.780000,0
20110104 041634000,276.580000,276.730000,0
20110104 041636000,276.570000,276.720000,0
20110104 041717000,276.580000,276.730000,0
20110104 041718000,276.570000,276.720000,0
20110104 041722000,276.580000,276.730000,0
20110104 041726000,276.570000,276.720000,0
20110104 041728000,276.520000,276.670000,0
20110104 041731000,276.500000,276.650000,0
20110104 041733000,276.480000,276.630000,0
20110104 041734000,276.490000,276.640000,0
20110104 041735000,276.480000,276.630000,0
20110104 041736000,276.490000,276.640000,0
20110104 041739000,276.480000,276.630000,0
20110104 041740000,276.490000,276.640000,0
20110104 041742000,276.460000,276.610000,0
20110104 041753000,276.450000,276.600000,0
20110104 041753000,276.460000,276.610000,0
20110104 041754000,276.450000,276.600000,0
20110104 041755000,276.460000,276.610000,0
20110104 041757000,276.450000,276.600000,0
20110104 041758000,276.460000,276.610000,0
20110104 041759000,276.450000,276.600000,0
20110104 041810000,276.440000,276.590000,0
20110104 041811000,276.430000,276.580000,0
20110104 041814000,276.440000,276.590000,0
20110104 041816000,276.420000,276.570000,0
20110104 041817000,276.410000,276.560000,0
20110104 041817000,276.400000,276.550000,0
20110104 041820000,276.320000,276.470000,0
20110104 041820000,276.330000,276.480000,0
20110104 041821000,276.300000,276.450000,0
20110104 041822000,276.400000,276.550000,0
20110104 041823000,276.370000,276.520000,0
20110104 041824000,276.360000,276.510000,0
20110104 041825000,276.330000,276.480000,0
20110104 041826000,276.320000,276.470000,0
20110104 041826000,276.300000,276.450000,0
20110104 041827000,276.280000,276.430000,0
20110104 041833000,276.290000,276.440000,0
20110104 041835000,276.220000,276.370000,0
20110104 041835000,276.160000,276.310000,0
20110104 041841000,276.180000,276.330000,0
20110104 041856000,276.230000,276.380000,0
20110104 041903000,276.280000,276.430000,0
20110104 041906000,276.260000,276.410000,0
20110104 041906000,276.230000,276.380000,0
20110104 041913000,276.220000,276.370000,0
20110104 041915000,276.270000,276.420000,0
20110104 041915000,276.280000,276.430000,0
20110104 041916000,276.240000,276.390000,0
20110104 041917000,276.220000,276.370000,0
20110104 041921000,276.270000,276.420000,0
20110104 041921000,276.280000,276.430000,0
20110104 041943000,276.300000,276.450000,0
20110104 041951000,276.280000,276.430000,0
20110104 041953000,276.300000,276.450000,0
20110104 042002000,276.310000,276.460000,0
20110104 042002000,276.330000,276.480000,0
20110104 042005000,276.360000,276.510000,0
20110104 042021000,276.350000,276.500000,0
20110104 042022000,276.320000,276.470000,0
20110104 042023000,276.360000,276.510000,0
20110104 042029000,276.320000,276.470000,0
20110104 042029000,276.360000,276.510000,0
20110104 042032000,276.320000,276.470000,0
20110104 042032000,276.360000,276.510000,0
20110104 042035000,276.340000,276.490000,0
20110104 042036000,276.320000,276.470000,0
20110104 042037000,276.360000,276.510000,0
20110104 042048000,276.370000,276.520000,0
20110104 042050000,276.360000,276.510000,0
20110104 042055000,276.370000,276.520000,0
20110104 042059000,276.380000,276.530000,0
20110104 042101000,276.370000,276.520000,0
20110104 042101000,276.380000,276.530000,0
20110104 042101000,276.370000,276.520000,0
20110104 042102000,276.380000,276.530000,0
20110104 042104000,276.370000,276.520000,0
20110104 042131000,276.360000,276.510000,0
20110104 042140000,276.370000,276.520000,0
20110104 042143000,276.380000,276.530000,0
20110104 042144000,276.370000,276.520000,0
20110104 042144000,276.380000,276.530000,0
20110104 042145000,276.370000,276.520000,0
20110104 042147000,276.380000,276.530000,0
20110104 042148000,276.370000,276.520000,0
20110104 042150000,276.380000,276.530000,0
20110104 042208000,276.370000,276.520000,0
20110104 042209000,276.380000,276.530000,0
20110104 042209000,276.370000,276.520000,0
20110104 042210000,276.380000,276.530000,0
20110104 042211000,276.370000,276.520000,0
20110104 042303000,276.360000,276.510000,0
20110104 042321000,276.370000,276.520000,0
20110104 042323000,276.360000,276.510000,0
20110104 042326000,276.370000,276.520000,0
20110104 042326000,276.360000,276.510000,0
20110104 042335000,276.370000,276.520000,0
20110104 042338000,276.360000,276.510000,0
20110104 042349000,276.370000,276.520000,0
20110104 042349000,276.360000,276.510000,0
20110104 042534000,276.390000,276.540000,0
20110104 042612000,276.410000,276.560000,0
20110104 042616000,276.390000,276.540000,0
20110104 042618000,276.380000,276.530000,0
20110104 042619000,276.420000,276.570000,0
20110104 042817000,276.410000,276.560000,0
20110104 042821000,276.420000,276.570000,0
20110104 042821000,276.410000,276.560000,0
20110104 042822000,276.420000,276.570000,0
20110104 042828000,276.410000,276.560000,0
20110104 042828000,276.420000,276.570000,0
20110104 042914000,276.410000,276.560000,0
20110104 042925000,276.420000,276.570000,0
20110104 042926000,276.410000,276.560000,0
20110104 042927000,276.420000,276.570000,0
20110104 042927000,276.410000,276.560000,0
20110104 042928000,276.420000,276.570000,0
20110104 042929000,276.410000,276.560000,0
20110104 042947000,276.420000,276.570000,0
20110104 042949000,276.410000,276.560000,0
20110104 043019000,276.400000,276.550000,0
20110104 043028000,276.390000,276.540000,0
20110104 043030000,276.400000,276.550000,0
20110104 043055000,276.390000,276.540000,0
20110104 043055000,276.400000,276.550000,0
20110104 043105000,276.410000,276.560000,0
20110104 043106000,276.400000,276.550000,0
20110104 043107000,276.410000,276.560000,0
20110104 043131000,276.420000,276.570000,0
20110104 043234000,276.410000,276.560000,0
20110104 043433000,276.430000,276.580000,0
20110104 043433000,276.490000,276.640000,0
20110104 043433000,276.530000,276.680000,0
20110104 043434000,276.540000,276.690000,0
20110104 043434000,276.520000,276.670000,0
20110104 043440000,276.450000,276.600000,0
20110104 043442000,276.430000,276.580000,0
20110104 043610000,276.440000,276.590000,0
20110104 043612000,276.430000,276.580000,0
20110104 043612000,276.440000,276.590000,0
20110104 043613000,276.430000,276.580000,0
20110104 043614000,276.440000,276.590000,0
20110104 043635000,276.430000,276.580000,0
20110104 043640000,276.440000,276.590000,0
20110104 043647000,276.450000,276.600000,0
20110104 043647000,276.440000,276.590000,0
20110104 043654000,276.430000,276.580000,0
20110104 043706000,276.440000,276.590000,0
20110104 043715000,276.420000,276.570000,0
20110104 043716000,276.430000,276.580000,0
20110104 043740000,276.420000,276.570000,0
20110104 043741000,276.430000,276.580000,0
20110104 043749000,276.420000,276.570000,0
20110104 043756000,276.430000,276.580000,0
20110104 043757000,276.420000,276.570000,0
20110104 043759000,276.430000,276.580000,0
20110104 043801000,276.420000,276.570000,0
20110104 043809000,276.410000,276.560000,0
20110104 043839000,276.420000,276.570000,0
20110104 043841000,276.410000,276.560000,0
20110104 043841000,276.420000,276.570000,0
20110104 043846000,276.430000,276.580000,0
20110104 043848000,276.420000,276.570000,0
20110104 043850000,276.460000,276.610000,0
20110104 043850000,276.470000,276.620000,0
20110104 043851000,276.440000,276.590000,0
20110104 043854000,276.420000,276.570000,0
20110104 043857000,276.410000,276.560000,0
20110104 043858000,276.440000,276.590000,0
20110104 043906000,276.450000,276.600000,0
20110104 043907000,276.440000,276.590000,0
20110104 043907000,276.430000,276.580000,0
20110104 043925000,276.420000,276.570000,0
20110104 043925000,276.430000,276.580000,0
20110104 043926000,276.420000,276.570000,0
20110104 043931000,276.460000,276.610000,0
20110104 043931000,276.470000,276.620000,0
20110104 043932000,276.490000,276.640000,0
20110104 043933000,276.440000,276.590000,0
20110104 043951000,276.420000,276.570000,0
20110104 043953000,276.410000,276.560000,0
20110104 043954000,276.420000,276.570000,0
20110104 043955000,276.440000,276.590000,0
20110104 043958000,276.420000,276.570000,0
20110104 044002000,276.390000,276.540000,0
20110104 044003000,276.380000,276.530000,0
20110104 044004000,276.420000,276.570000,0
20110104 044051000,276.320000,276.470000,0
20110104 044051000,276.280000,276.430000,0
20110104 044055000,276.370000,276.520000,0
20110104 044055000,276.390000,276.540000,0
20110104 044056000,276.400000,276.550000,0
20110104 044057000,276.410000,276.560000,0
20110104 044112000,276.400000,276.550000,0
20110104 044114000,276.380000,276.530000,0
20110104 044115000,276.330000,276.480000,0
20110104 044117000,276.340000,276.490000,0
20110104 044118000,276.350000,276.500000,0
20110104 044127000,276.340000,276.490000,0
20110104 044129000,276.320000,276.470000,0
20110104 044137000,276.310000,276.460000,0
20110104 044138000,276.320000,276.470000,0
20110104 044140000,276.310000,276.460000,0
20110104 044140000,276.320000,276.470000,0
20110104 044141000,276.310000,276.460000,0
20110104 044141000,276.320000,276.470000,0
20110104 044142000,276.310000,276.460000,0
20110104 044148000,276.330000,276.480000,0
20110104 044148000,276.340000,276.490000,0
20110104 044156000,276.330000,276.480000,0
20110104 044157000,276.320000,276.470000,0
20110104 044158000,276.330000,276.480000,0
20110104 044158000,276.320000,276.470000,0
20110104 044200000,276.310000,276.460000,0
20110104 044218000,276.300000,276.450000,0
20110104 044223000,276.270000,276.420000,0
20110104 044226000,276.240000,276.390000,0
20110104 044227000,276.230000,276.380000,0
20110104 044227000,276.240000,276.390000,0
20110104 044228000,276.290000,276.440000,0
20110104 044230000,276.280000,276.430000,0
20110104 044234000,276.260000,276.410000,0
20110104 044235000,276.250000,276.400000,0
20110104 044236000,276.240000,276.390000,0
20110104 044237000,276.270000,276.420000,0
20110104 044238000,276.280000,276.430000,0
20110104 044240000,276.300000,276.450000,0
20110104 044241000,276.240000,276.390000,0
20110104 044243000,276.220000,276.370000,0
20110104 044243000,276.200000,276.350000,0
20110104 044245000,276.260000,276.410000,0
20110104 044246000,276.250000,276.400000,0
20110104 044248000,276.160000,276.310000,0
20110104 044250000,276.090000,276.240000,0
20110104 044254000,276.150000,276.300000,0
20110104 044256000,276.180000,276.330000,0
20110104 044257000,276.190000,276.340000,0
20110104 044257000,276.210000,276.360000,0
20110104 044300000,276.070000,276.220000,0
20110104 044304000,276.080000,276.230000,0
20110104 044318000,276.040000,276.190000,0
20110104 044320000,276.030000,276.180000,0
20110104 044322000,276.070000,276.220000,0
20110104 044327000,276.080000,276.230000,0
20110104 044329000,276.060000,276.210000,0
20110104 044343000,276.030000,276.180000,0
20110104 044345000,276.040000,276.190000,0
20110104 044346000,276.030000,276.180000,0
20110104 044355000,276.010000,276.160000,0
20110104 044402000,276.030000,276.180000,0
20110104 044408000,276.060000,276.210000,0
20110104 044414000,276.080000,276.230000,0
20110104 044420000,276.090000,276.240000,0
20110104 044427000,276.060000,276.210000,0
20110104 044439000,276.070000,276.220000,0
20110104 044441000,276.060000,276.210000,0
20110104 044448000,276.080000,276.230000,0
20110104 044448000,276.090000,276.240000,0
20110104 044452000,276.060000,276.210000,0
20110104 044453000,276.080000,276.230000,0
20110104 044454000,276.090000,276.240000,0
20110104 044455000,276.060000,276.210000,0
20110104 044456000,276.030000,276.180000,0
20110104 044457000,276.040000,276.190000,0
20110104 044846000,276.060000,276.210000,0
20110104 044850000,276.040000,276.190000,0
20110104 044926000,276.080000,276.230000,0
20110104 044932000,276.170000,276.320000,0
20110104 044932000,276.140000,276.290000,0
20110104 045134000,276.240000,276.390000,0
20110104 045141000,276.260000,276.410000,0
20110104 045144000,276.250000,276.400000,0
20110104 045350000,276.240000,276.390000,0
20110104 045356000,276.250000,276.400000,0
20110104 045357000,276.240000,276.390000,0
20110104 045357000,276.250000,276.400000,0
20110104 045616000,276.260000,276.410000,0
20110104 045629000,276.240000,276.390000,0
20110104 045645000,276.260000,276.410000,0
20110104 045647000,276.300000,276.450000,0
20110104 045647000,276.310000,276.460000,0
20110104 045649000,276.320000,276.470000,0
20110104 045651000,276.290000,276.440000,0
20110104 045652000,276.260000,276.410000,0
20110104 045700000,276.280000,276.430000,0
20110104 045700000,276.290000,276.440000,0
20110104 045712000,276.340000,276.490000,0
20110104 045713000,276.430000,276.580000,0
20110104 045713000,276.460000,276.610000,0
20110104 045713000,276.470000,276.620000,0
20110104 045714000,276.490000,276.640000,0
20110104 045715000,276.480000,276.630000,0
20110104 045717000,276.430000,276.580000,0
20110104 045719000,276.360000,276.510000,0
20110104 045727000,276.330000,276.480000,0
20110104 045737000,276.310000,276.460000,0
20110104 045738000,276.300000,276.450000,0
20110104 045739000,276.310000,276.460000,0
20110104 045741000,276.340000,276.490000,0
20110104 045854000,276.330000,276.480000,0
20110104 045919000,276.320000,276.470000,0
20110104 045919000,276.330000,276.480000,0
20110104 045927000,276.340000,276.490000,0
20110104 045928000,276.330000,276.480000,0
20110104 045932000,276.340000,276.490000,0
20110104 045933000,276.330000,276.480000,0
20110104 045936000,276.340000,276.490000,0
20110104 045938000,276.330000,276.480000,0
20110104 045940000,276.340000,276.490000,0
20110104 045941000,276.330000,276.480000,0
20110104 045946000,276.340000,276.490000,0
20110104 045946000,276.330000,276.480000,0
20110104 045949000,276.340000,276.490000,0
20110104 045949000,276.330000,276.480000,0
20110104 045950000,276.340000,276.490000,0
20110104 045951000,276.330000,276.480000,0
20110104 050000000,276.320000,276.470000,0
20110104 050001000,276.330000,276.480000,0
20110104 050002000,276.350000,276.500000,0
20110104 050003000,276.340000,276.490000,0
20110104 050004000,276.330000,276.480000,0
20110104 050004000,276.280000,276.430000,0
20110104 050012000,276.270000,276.420000,0
20110104 050016000,276.260000,276.410000,0
20110104 050021000,276.270000,276.420000,0
20110104 050031000,276.340000,276.490000,0
20110104 050032000,276.290000,276.440000,0
20110104 050033000,276.280000,276.430000,0
20110104 050116000,276.270000,276.420000,0
