20101201 000149000,280.620000,280.770000,0
20101201 000711000,280.600000,280.750000,0
20101201 001129000,280.570000,280.720000,0
20101201 001142000,280.600000,280.750000,0
20101201 001356000,280.570000,280.720000,0
20101201 001600000,280.600000,280.750000,0
20101201 001608000,280.580000,280.730000,0
20101201 002000000,280.570000,280.720000,0
20101201 002014000,280.600000,280.750000,0
20101201 002048000,280.580000,280.730000,0
20101201 002300000,280.570000,280.720000,0
20101201 002741000,280.560000,280.710000,0
20101201 002751000,280.570000,280.720000,0
20101201 002834000,280.560000,280.710000,0
20101201 002907000,280.570000,280.720000,0
20101201 003016000,280.560000,280.710000,0
20101201 003104000,280.570000,280.720000,0
20101201 003116000,280.560000,280.710000,0
20101201 003124000,280.570000,280.720000,0
20101201 003147000,280.560000,280.710000,0
20101201 003533000,280.570000,280.720000,0
20101201 003812000,280.590000,280.740000,0
20101201 004027000,280.600000,280.750000,0
20101201 004237000,280.580000,280.730000,0
20101201 005852000,280.590000,280.740000,0
20101201 005854000,280.580000,280.730000,0
20101201 005958000,280.590000,280.740000,0
20101201 010008000,280.570000,280.720000,0
20101201 010033000,280.560000,280.710000,0
20101201 010110000,280.570000,280.720000,0
20101201 010114000,280.560000,280.710000,0
20101201 010408000,280.570000,280.720000,0
20101201 010411000,280.560000,280.710000,0
20101201 012315000,280.570000,280.720000,0
20101201 013155000,280.580000,280.730000,0
20101201 013156000,280.630000,280.780000,0
20101201 013216000,280.600000,280.750000,0
20101201 013217000,280.610000,280.760000,0
20101201 013218000,280.590000,280.740000,0
20101201 013218000,280.580000,280.730000,0
20101201 013219000,280.600000,280.750000,0
20101201 013220000,280.610000,280.760000,0
20101201 013221000,280.640000,280.790000,0
20101201 013416000,280.650000,280.800000,0
20101201 013420000,280.640000,280.790000,0
20101201 013421000,280.680000,280.830000,0
20101201 013737000,280.650000,280.800000,0
20101201 013738000,280.630000,280.780000,0
20101201 014242000,280.620000,280.770000,0
20101201 014559000,280.630000,280.780000,0
20101201 014622000,280.640000,280.790000,0
20101201 014625000,280.630000,280.780000,0
20101201 014627000,280.620000,280.770000,0
20101201 014635000,280.630000,280.780000,0
20101201 014640000,280.620000,280.770000,0
20101201 014710000,280.580000,280.730000,0
20101201 015059000,280.610000,280.760000,0
20101201 015100000,280.620000,280.770000,0
20101201 015100000,280.630000,280.780000,0
20101201 015106000,280.680000,280.830000,0
20101201 015112000,280.720000,280.870000,0
20101201 015112000,280.730000,280.880000,0
20101201 015524000,280.680000,280.830000,0
20101201 015525000,280.670000,280.820000,0
20101201 015635000,280.680000,280.830000,0
20101201 015641000,280.790000,280.940000,0
20101201 015643000,280.800000,280.950000,0
20101201 015739000,280.750000,280.900000,0
20101201 020104000,280.780000,280.930000,0
20101201 020112000,280.750000,280.900000,0
20101201 020119000,280.770000,280.920000,0
20101201 020120000,280.780000,280.930000,0
20101201 020205000,280.740000,280.890000,0
20101201 020206000,280.730000,280.880000,0
20101201 020216000,280.700000,280.850000,0
20101201 020545000,280.680000,280.830000,0
20101201 020619000,280.670000,280.820000,0
20101201 020620000,280.660000,280.810000,0
20101201 020620000,280.670000,280.820000,0
20101201 020628000,280.660000,280.810000,0
20101201 020629000,280.670000,280.820000,0
20101201 020633000,280.680000,280.830000,0
20101201 020634000,280.670000,280.820000,0
20101201 020636000,280.680000,280.830000,0
20101201 020637000,280.700000,280.850000,0
20101201 020638000,280.640000,280.790000,0
20101201 020638000,280.630000,280.780000,0
20101201 020639000,280.640000,280.790000,0
20101201 020640000,280.630000,280.780000,0
20101201 020641000,280.640000,280.790000,0
20101201 020646000,280.710000,280.860000,0
20101201 020646000,280.720000,280.870000,0
20101201 020702000,280.660000,280.810000,0
20101201 020702000,280.670000,280.820000,0
20101201 020704000,280.660000,280.810000,0
20101201 020705000,280.670000,280.820000,0
20101201 020706000,280.640000,280.790000,0
20101201 020707000,280.630000,280.780000,0
20101201 020709000,280.640000,280.790000,0
20101201 020710000,280.630000,280.780000,0
20101201 020724000,280.680000,280.830000,0
20101201 020726000,280.750000,280.900000,0
20101201 020726000,280.890000,281.040000,0
20101201 020727000,280.900000,281.050000,0
20101201 020730000,280.820000,280.970000,0
20101201 020736000,280.900000,281.050000,0
20101201 020739000,280.910000,281.060000,0
20101201 020742000,280.850000,281.000000,0
20101201 020752000,280.830000,280.980000,0
20101201 020755000,280.840000,280.990000,0
20101201 020801000,280.830000,280.980000,0
20101201 020801000,280.840000,280.990000,0
20101201 020801000,280.830000,280.980000,0
20101201 020820000,280.840000,280.990000,0
20101201 020820000,280.830000,280.980000,0
20101201 020824000,280.850000,281.000000,0
20101201 020824000,280.860000,281.010000,0
20101201 020910000,280.830000,280.980000,0
20101201 021009000,280.860000,281.010000,0
20101201 021010000,280.830000,280.980000,0
20101201 021014000,280.900000,281.050000,0
20101201 021015000,280.970000,281.120000,0
20101201 021015000,281.010000,281.160000,0
20101201 021019000,281.050000,281.200000,0
20101201 021020000,281.040000,281.190000,0
20101201 021049000,281.000000,281.150000,0
20101201 021052000,281.040000,281.190000,0
20101201 021057000,281.090000,281.240000,0
20101201 021119000,281.110000,281.260000,0
20101201 021124000,281.140000,281.290000,0
20101201 021156000,280.940000,281.090000,0
20101201 021158000,280.950000,281.100000,0
20101201 021158000,281.040000,281.190000,0
20101201 021159000,281.080000,281.230000,0
20101201 021159000,281.120000,281.270000,0
20101201 021207000,281.180000,281.330000,0
20101201 021209000,281.170000,281.320000,0
20101201 021209000,281.130000,281.280000,0
20101201 021213000,281.120000,281.270000,0
20101201 021220000,281.130000,281.280000,0
20101201 021220000,281.120000,281.270000,0
20101201 021224000,281.100000,281.250000,0
20101201 021228000,281.000000,281.150000,0
20101201 021228000,280.970000,281.120000,0
20101201 021231000,281.060000,281.210000,0
20101201 021232000,281.100000,281.250000,0
20101201 021233000,281.050000,281.200000,0
20101201 021243000,280.940000,281.090000,0
20101201 021243000,280.920000,281.070000,0
20101201 021250000,280.890000,281.040000,0
20101201 021252000,280.840000,280.990000,0
20101201 021252000,280.830000,280.980000,0
20101201 021254000,280.840000,280.990000,0
20101201 021328000,280.820000,280.970000,0
20101201 021328000,280.800000,280.950000,0
20101201 021401000,280.830000,280.980000,0
20101201 021403000,280.800000,280.950000,0
20101201 021441000,280.780000,280.930000,0
20101201 021447000,280.800000,280.950000,0
20101201 021502000,280.780000,280.930000,0
20101201 021517000,280.800000,280.950000,0
20101201 021603000,280.830000,280.980000,0
20101201 021605000,280.800000,280.950000,0
20101201 021629000,280.810000,280.960000,0
20101201 021710000,280.780000,280.930000,0
20101201 021711000,280.750000,280.900000,0
20101201 021712000,280.740000,280.890000,0
20101201 021715000,280.720000,280.870000,0
20101201 021721000,280.710000,280.860000,0
20101201 021721000,280.720000,280.870000,0
20101201 021735000,280.710000,280.860000,0
20101201 021738000,280.690000,280.840000,0
20101201 021740000,280.700000,280.850000,0
20101201 021745000,280.690000,280.840000,0
20101201 021747000,280.700000,280.850000,0
20101201 021751000,280.690000,280.840000,0
20101201 021802000,280.720000,280.870000,0
20101201 021803000,280.740000,280.890000,0
20101201 021811000,280.730000,280.880000,0
20101201 021820000,280.710000,280.860000,0
20101201 021820000,280.680000,280.830000,0
20101201 021822000,280.650000,280.800000,0
20101201 021824000,280.660000,280.810000,0
20101201 021832000,280.560000,280.710000,0
20101201 021834000,280.550000,280.700000,0
20101201 021839000,280.730000,280.880000,0
20101201 021840000,280.690000,280.840000,0
20101201 021840000,280.680000,280.830000,0
20101201 021842000,280.700000,280.850000,0
20101201 021844000,280.710000,280.860000,0
20101201 021845000,280.680000,280.830000,0
20101201 022032000,280.650000,280.800000,0
20101201 022033000,280.660000,280.810000,0
20101201 022042000,280.640000,280.790000,0
20101201 022043000,280.630000,280.780000,0
20101201 022316000,280.620000,280.770000,0
20101201 022345000,280.540000,280.690000,0
20101201 022346000,280.520000,280.670000,0
20101201 022346000,280.530000,280.680000,0
20101201 022353000,280.520000,280.670000,0
20101201 022354000,280.530000,280.680000,0
20101201 022354000,280.580000,280.730000,0
20101201 022355000,280.620000,280.770000,0
20101201 022358000,280.530000,280.680000,0
20101201 022359000,280.520000,280.670000,0
20101201 022359000,280.530000,280.680000,0
20101201 022410000,280.520000,280.670000,0
20101201 022411000,280.530000,280.680000,0
20101201 022413000,280.540000,280.690000,0
20101201 022414000,280.550000,280.700000,0
20101201 022621000,280.560000,280.710000,0
20101201 022622000,280.570000,280.720000,0
20101201 022625000,280.550000,280.700000,0
20101201 022627000,280.540000,280.690000,0
20101201 022628000,280.550000,280.700000,0
20101201 022629000,280.560000,280.710000,0
20101201 022631000,280.550000,280.700000,0
20101201 022652000,280.560000,280.710000,0
20101201 022655000,280.570000,280.720000,0
20101201 022729000,280.610000,280.760000,0
20101201 022729000,280.620000,280.770000,0
20101201 022731000,280.630000,280.780000,0
20101201 022736000,280.640000,280.790000,0
20101201 022740000,280.670000,280.820000,0
20101201 022741000,280.660000,280.810000,0
20101201 022741000,280.670000,280.820000,0
20101201 022742000,280.680000,280.830000,0
20101201 022746000,280.690000,280.840000,0
20101201 022748000,280.680000,280.830000,0
20101201 022754000,280.690000,280.840000,0
20101201 022754000,280.680000,280.830000,0
20101201 022817000,280.670000,280.820000,0
20101201 022824000,280.680000,280.830000,0
20101201 022827000,280.670000,280.820000,0
20101201 022828000,280.680000,280.830000,0
20101201 022828000,280.670000,280.820000,0
20101201 022829000,280.680000,280.830000,0
20101201 022830000,280.670000,280.820000,0
20101201 022832000,280.680000,280.830000,0
20101201 022832000,280.670000,280.820000,0
20101201 022848000,280.680000,280.830000,0
20101201 022902000,280.690000,280.840000,0
20101201 022907000,280.680000,280.830000,0
20101201 022915000,280.670000,280.820000,0
20101201 022920000,280.680000,280.830000,0
20101201 022922000,280.670000,280.820000,0
20101201 022922000,280.680000,280.830000,0
20101201 022926000,280.690000,280.840000,0
20101201 022933000,280.680000,280.830000,0
20101201 022933000,280.690000,280.840000,0
20101201 022933000,280.680000,280.830000,0
20101201 022934000,280.690000,280.840000,0
20101201 022935000,280.680000,280.830000,0
20101201 022937000,280.690000,280.840000,0
20101201 022937000,280.680000,280.830000,0
20101201 022938000,280.690000,280.840000,0
20101201 022938000,280.680000,280.830000,0
20101201 022939000,280.690000,280.840000,0
20101201 022946000,280.700000,280.850000,0
20101201 022947000,280.690000,280.840000,0
20101201 022950000,280.700000,280.850000,0
20101201 022955000,280.710000,280.860000,0
20101201 023019000,280.700000,280.850000,0
20101201 023020000,280.710000,280.860000,0
20101201 023036000,280.700000,280.850000,0
20101201 023051000,280.690000,280.840000,0
20101201 023132000,280.680000,280.830000,0
20101201 023133000,280.670000,280.820000,0
20101201 023143000,280.640000,280.790000,0
20101201 023144000,280.630000,280.780000,0
20101201 023144000,280.640000,280.790000,0
20101201 023145000,280.630000,280.780000,0
20101201 023146000,280.640000,280.790000,0
20101201 023149000,280.630000,280.780000,0
20101201 023150000,280.640000,280.790000,0
20101201 023203000,280.650000,280.800000,0
20101201 023205000,280.660000,280.810000,0
20101201 023208000,280.630000,280.780000,0
20101201 023215000,280.600000,280.750000,0
20101201 023238000,280.610000,280.760000,0
20101201 023241000,280.620000,280.770000,0
20101201 023241000,280.610000,280.760000,0
20101201 023309000,280.600000,280.750000,0
20101201 023310000,280.610000,280.760000,0
20101201 023312000,280.600000,280.750000,0
20101201 023330000,280.610000,280.760000,0
20101201 023349000,280.600000,280.750000,0
20101201 023349000,280.610000,280.760000,0
20101201 023350000,280.600000,280.750000,0
20101201 023355000,280.610000,280.760000,0
20101201 023359000,280.620000,280.770000,0
20101201 023400000,280.610000,280.760000,0
20101201 023414000,280.620000,280.770000,0
20101201 023418000,280.600000,280.750000,0
20101201 023419000,280.590000,280.740000,0
20101201 023420000,280.580000,280.730000,0
20101201 023422000,280.590000,280.740000,0
20101201 023428000,280.580000,280.730000,0
20101201 023430000,280.590000,280.740000,0
20101201 023431000,280.600000,280.750000,0
20101201 023432000,280.610000,280.760000,0
20101201 023435000,280.580000,280.730000,0
20101201 023435000,280.570000,280.720000,0
20101201 023435000,280.560000,280.710000,0
20101201 023436000,280.550000,280.700000,0
20101201 023436000,280.560000,280.710000,0
20101201 023442000,280.540000,280.690000,0
20101201 023445000,280.410000,280.560000,0
20101201 023445000,280.480000,280.630000,0
20101201 023446000,280.530000,280.680000,0
20101201 023447000,280.540000,280.690000,0
20101201 023447000,280.440000,280.590000,0
20101201 023448000,280.480000,280.630000,0
20101201 023448000,280.530000,280.680000,0
20101201 023449000,280.550000,280.700000,0
20101201 023451000,280.560000,280.710000,0
20101201 023451000,280.570000,280.720000,0
20101201 023451000,280.580000,280.730000,0
20101201 023514000,280.590000,280.740000,0
20101201 023515000,280.580000,280.730000,0
20101201 023516000,280.590000,280.740000,0
20101201 023517000,280.580000,280.730000,0
20101201 023519000,280.590000,280.740000,0
20101201 023525000,280.580000,280.730000,0
20101201 023550000,280.570000,280.720000,0
20101201 023550000,280.580000,280.730000,0
20101201 023556000,280.570000,280.720000,0
20101201 023559000,280.580000,280.730000,0
20101201 023600000,280.570000,280.720000,0
20101201 023603000,280.580000,280.730000,0
20101201 023604000,280.570000,280.720000,0
20101201 023610000,280.560000,280.710000,0
20101201 023612000,280.570000,280.720000,0
20101201 023614000,280.560000,280.710000,0
20101201 023619000,280.570000,280.720000,0
20101201 023619000,280.560000,280.710000,0
20101201 023623000,280.570000,280.720000,0
20101201 023624000,280.560000,280.710000,0
20101201 023643000,280.570000,280.720000,0
20101201 023644000,280.560000,280.710000,0
20101201 023656000,280.570000,280.720000,0
20101201 023658000,280.560000,280.710000,0
20101201 023706000,280.550000,280.700000,0
20101201 023710000,280.540000,280.690000,0
20101201 023716000,280.550000,280.700000,0
20101201 023717000,280.540000,280.690000,0
20101201 023721000,280.550000,280.700000,0
20101201 023721000,280.540000,280.690000,0
20101201 023725000,280.550000,280.700000,0
20101201 023725000,280.540000,280.690000,0
20101201 023726000,280.550000,280.700000,0
20101201 023734000,280.560000,280.710000,0
20101201 023736000,280.550000,280.700000,0
20101201 023736000,280.560000,280.710000,0
20101201 023745000,280.530000,280.680000,0
20101201 023745000,280.520000,280.670000,0
20101201 023802000,280.530000,280.680000,0
20101201 023803000,280.540000,280.690000,0
20101201 023807000,280.530000,280.680000,0
20101201 023807000,280.540000,280.690000,0
20101201 023808000,280.530000,280.680000,0
20101201 023814000,280.520000,280.670000,0
20101201 023818000,280.530000,280.680000,0
20101201 023823000,280.520000,280.670000,0
20101201 023830000,280.530000,280.680000,0
20101201 023928000,280.540000,280.690000,0
20101201 023930000,280.550000,280.700000,0
20101201 023931000,280.560000,280.710000,0
20101201 023935000,280.550000,280.700000,0
20101201 023943000,280.560000,280.710000,0
20101201 023944000,280.550000,280.700000,0
20101201 023949000,280.560000,280.710000,0
20101201 023955000,280.550000,280.700000,0
20101201 023955000,280.560000,280.710000,0
20101201 023956000,280.550000,280.700000,0
20101201 023957000,280.560000,280.710000,0
20101201 023959000,280.550000,280.700000,0
20101201 024006000,280.560000,280.710000,0
20101201 024006000,280.550000,280.700000,0
20101201 024012000,280.560000,280.710000,0
20101201 024017000,280.550000,280.700000,0
20101201 024019000,280.540000,280.690000,0
20101201 024023000,280.530000,280.680000,0
20101201 024035000,280.520000,280.670000,0
20101201 024035000,280.530000,280.680000,0
20101201 024036000,280.520000,280.670000,0
20101201 024043000,280.510000,280.660000,0
20101201 024048000,280.490000,280.640000,0
20101201 024048000,280.500000,280.650000,0
20101201 024055000,280.490000,280.640000,0
20101201 024106000,280.500000,280.650000,0
20101201 024107000,280.530000,280.680000,0
20101201 024113000,280.550000,280.700000,0
20101201 024130000,280.600000,280.750000,0
20101201 024132000,280.610000,280.760000,0
20101201 024134000,280.620000,280.770000,0
20101201 024135000,280.610000,280.760000,0
20101201 024144000,280.560000,280.710000,0
20101201 024147000,280.550000,280.700000,0
20101201 024206000,280.560000,280.710000,0
20101201 024208000,280.530000,280.680000,0
20101201 024209000,280.540000,280.690000,0
20101201 024213000,280.550000,280.700000,0
20101201 024218000,280.530000,280.680000,0
20101201 024218000,280.560000,280.710000,0
20101201 024245000,280.550000,280.700000,0
20101201 024247000,280.560000,280.710000,0
20101201 024247000,280.550000,280.700000,0
20101201 024247000,280.560000,280.710000,0
20101201 024313000,280.550000,280.700000,0
20101201 024319000,280.560000,280.710000,0
20101201 024322000,280.550000,280.700000,0
20101201 024345000,280.530000,280.680000,0
20101201 024347000,280.540000,280.690000,0
20101201 024347000,280.530000,280.680000,0
20101201 024347000,280.540000,280.690000,0
20101201 024401000,280.530000,280.680000,0
20101201 024401000,280.540000,280.690000,0
20101201 024405000,280.530000,280.680000,0
20101201 024406000,280.540000,280.690000,0
20101201 024406000,280.520000,280.670000,0
20101201 024407000,280.540000,280.690000,0
20101201 024407000,280.530000,280.680000,0
20101201 024411000,280.550000,280.700000,0
20101201 024414000,280.560000,280.710000,0
20101201 024415000,280.550000,280.700000,0
20101201 024415000,280.560000,280.710000,0
20101201 024416000,280.550000,280.700000,0
20101201 024417000,280.540000,280.690000,0
20101201 024418000,280.560000,280.710000,0
20101201 024420000,280.570000,280.720000,0
20101201 024421000,280.550000,280.700000,0
20101201 024422000,280.540000,280.690000,0
20101201 024423000,280.550000,280.700000,0
20101201 024424000,280.530000,280.680000,0
20101201 024426000,280.520000,280.670000,0
20101201 024430000,280.510000,280.660000,0
20101201 024435000,280.500000,280.650000,0
20101201 024437000,280.510000,280.660000,0
20101201 024442000,280.520000,280.670000,0
20101201 024442000,280.510000,280.660000,0
20101201 024447000,280.520000,280.670000,0
20101201 024454000,280.510000,280.660000,0
20101201 024456000,280.520000,280.670000,0
20101201 024509000,280.510000,280.660000,0
20101201 024519000,280.500000,280.650000,0
20101201 024531000,280.530000,280.680000,0
20101201 024532000,280.500000,280.650000,0
20101201 024535000,280.440000,280.590000,0
20101201 024535000,280.480000,280.630000,0
20101201 024536000,280.500000,280.650000,0
20101201 024538000,280.510000,280.660000,0
20101201 024540000,280.520000,280.670000,0
20101201 024542000,280.510000,280.660000,0
20101201 024549000,280.500000,280.650000,0
20101201 024551000,280.510000,280.660000,0
20101201 024626000,280.520000,280.670000,0
20101201 024626000,280.510000,280.660000,0
20101201 024651000,280.520000,280.670000,0
20101201 024704000,280.530000,280.680000,0
20101201 024704000,280.520000,280.670000,0
20101201 024705000,280.530000,280.680000,0
20101201 024706000,280.520000,280.670000,0
20101201 024718000,280.530000,280.680000,0
20101201 024728000,280.540000,280.690000,0
20101201 024729000,280.530000,280.680000,0
20101201 024732000,280.520000,280.670000,0
20101201 024733000,280.540000,280.690000,0
20101201 024734000,280.520000,280.670000,0
20101201 024734000,280.510000,280.660000,0
20101201 024734000,280.520000,280.670000,0
20101201 024737000,280.510000,280.660000,0
20101201 024740000,280.520000,280.670000,0
20101201 024747000,280.530000,280.680000,0
20101201 024803000,280.540000,280.690000,0
20101201 024803000,280.530000,280.680000,0
20101201 024806000,280.540000,280.690000,0
20101201 024809000,280.530000,280.680000,0
20101201 024811000,280.550000,280.700000,0
20101201 024811000,280.540000,280.690000,0
20101201 024812000,280.530000,280.680000,0
20101201 024814000,280.540000,280.690000,0
20101201 024815000,280.530000,280.680000,0
20101201 024816000,280.540000,280.690000,0
20101201 024821000,280.520000,280.670000,0
20101201 024822000,280.510000,280.660000,0
20101201 024835000,280.500000,280.650000,0
20101201 024837000,280.510000,280.660000,0
20101201 024846000,280.500000,280.650000,0
20101201 024848000,280.510000,280.660000,0
20101201 024851000,280.500000,280.650000,0
20101201 024902000,280.510000,280.660000,0
20101201 024914000,280.500000,280.650000,0
20101201 024914000,280.510000,280.660000,0
20101201 024914000,280.500000,280.650000,0
20101201 024927000,280.510000,280.660000,0
20101201 024950000,280.500000,280.650000,0
20101201 024957000,280.510000,280.660000,0
20101201 025002000,280.500000,280.650000,0
20101201 025004000,280.510000,280.660000,0
20101201 025007000,280.500000,280.650000,0
20101201 025007000,280.510000,280.660000,0
20101201 025013000,280.520000,280.670000,0
20101201 025019000,280.510000,280.660000,0
20101201 025019000,280.540000,280.690000,0
20101201 025020000,280.550000,280.700000,0
20101201 025020000,280.570000,280.720000,0
20101201 025028000,280.560000,280.710000,0
20101201 025044000,280.550000,280.700000,0
20101201 025045000,280.560000,280.710000,0
20101201 025046000,280.570000,280.720000,0
20101201 025116000,280.560000,280.710000,0
20101201 025116000,280.570000,280.720000,0
20101201 025116000,280.560000,280.710000,0
20101201 025117000,280.570000,280.720000,0
20101201 025127000,280.560000,280.710000,0
20101201 025127000,280.570000,280.720000,0
20101201 025129000,280.560000,280.710000,0
20101201 025129000,280.570000,280.720000,0
20101201 025129000,280.560000,280.710000,0
20101201 025137000,280.570000,280.720000,0
20101201 025158000,280.560000,280.710000,0
20101201 025159000,280.570000,280.720000,0
20101201 025159000,280.560000,280.710000,0
20101201 025159000,280.570000,280.720000,0
20101201 025208000,280.560000,280.710000,0
20101201 025209000,280.570000,280.720000,0
20101201 025210000,280.560000,280.710000,0
20101201 025219000,280.550000,280.700000,0
20101201 025223000,280.540000,280.690000,0
20101201 025229000,280.550000,280.700000,0
20101201 025230000,280.560000,280.710000,0
20101201 025231000,280.570000,280.720000,0
20101201 025231000,280.560000,280.710000,0
20101201 025231000,280.570000,280.720000,0
20101201 025234000,280.560000,280.710000,0
20101201 025246000,280.550000,280.700000,0
20101201 025251000,280.560000,280.710000,0
20101201 025301000,280.550000,280.700000,0
20101201 025301000,280.540000,280.690000,0
20101201 025302000,280.550000,280.700000,0
20101201 025302000,280.540000,280.690000,0
20101201 025303000,280.550000,280.700000,0
20101201 025304000,280.540000,280.690000,0
20101201 025304000,280.550000,280.700000,0
20101201 025306000,280.560000,280.710000,0
20101201 025307000,280.550000,280.700000,0
20101201 025311000,280.560000,280.710000,0
20101201 025313000,280.550000,280.700000,0
20101201 025313000,280.560000,280.710000,0
20101201 025313000,280.550000,280.700000,0
20101201 025316000,280.560000,280.710000,0
20101201 025321000,280.570000,280.720000,0
20101201 025322000,280.550000,280.700000,0
20101201 025322000,280.540000,280.690000,0
20101201 025325000,280.530000,280.680000,0
20101201 025328000,280.540000,280.690000,0
20101201 025328000,280.530000,280.680000,0
20101201 025339000,280.520000,280.670000,0
20101201 025345000,280.510000,280.660000,0
20101201 025353000,280.500000,280.650000,0
20101201 025408000,280.510000,280.660000,0
20101201 025423000,280.500000,280.650000,0
20101201 025424000,280.510000,280.660000,0
20101201 025441000,280.500000,280.650000,0
20101201 025441000,280.510000,280.660000,0
20101201 025503000,280.500000,280.650000,0
20101201 025512000,280.490000,280.640000,0
20101201 025543000,280.470000,280.620000,0
20101201 025601000,280.450000,280.600000,0
20101201 025601000,280.390000,280.540000,0
20101201 025602000,280.430000,280.580000,0
20101201 025605000,280.440000,280.590000,0
20101201 025608000,280.450000,280.600000,0
20101201 025611000,280.460000,280.610000,0
20101201 025613000,280.470000,280.620000,0
20101201 025616000,280.480000,280.630000,0
20101201 025619000,280.490000,280.640000,0
20101201 025620000,280.500000,280.650000,0
20101201 025631000,280.490000,280.640000,0
20101201 025633000,280.460000,280.610000,0
20101201 025634000,280.450000,280.600000,0
20101201 025634000,280.460000,280.610000,0
20101201 025641000,280.450000,280.600000,0
20101201 025642000,280.460000,280.610000,0
20101201 025643000,280.470000,280.620000,0
20101201 025645000,280.480000,280.630000,0
20101201 025645000,280.470000,280.620000,0
20101201 025646000,280.480000,280.630000,0
20101201 025649000,280.490000,280.640000,0
20101201 025659000,280.450000,280.600000,0
20101201 025659000,280.460000,280.610000,0
20101201 025700000,280.490000,280.640000,0
20101201 025701000,280.500000,280.650000,0
20101201 025706000,280.490000,280.640000,0
20101201 025707000,280.480000,280.630000,0
20101201 025728000,280.490000,280.640000,0
20101201 025729000,280.500000,280.650000,0
20101201 025729000,280.510000,280.660000,0
20101201 025730000,280.500000,280.650000,0
20101201 025752000,280.490000,280.640000,0
20101201 025753000,280.500000,280.650000,0
20101201 025754000,280.510000,280.660000,0
20101201 025804000,280.520000,280.670000,0
20101201 025806000,280.510000,280.660000,0
20101201 025807000,280.520000,280.670000,0
20101201 025808000,280.510000,280.660000,0
20101201 025809000,280.520000,280.670000,0
20101201 025810000,280.510000,280.660000,0
20101201 025811000,280.520000,280.670000,0
20101201 025824000,280.530000,280.680000,0
20101201 025826000,280.520000,280.670000,0
20101201 025827000,280.530000,280.680000,0
20101201 025907000,280.510000,280.660000,0
20101201 025908000,280.550000,280.700000,0
20101201 025909000,280.570000,280.720000,0
20101201 025911000,280.580000,280.730000,0
20101201 025913000,280.570000,280.720000,0
20101201 025913000,280.560000,280.710000,0
20101201 025917000,280.570000,280.720000,0
20101201 030004000,280.610000,280.760000,0
20101201 030005000,280.640000,280.790000,0
20101201 030006000,280.650000,280.800000,0
20101201 030007000,280.680000,280.830000,0
20101201 030009000,280.710000,280.860000,0
20101201 030011000,280.720000,280.870000,0
20101201 030017000,280.740000,280.890000,0
20101201 030018000,280.750000,280.900000,0
20101201 030018000,280.760000,280.910000,0
20101201 030020000,280.770000,280.920000,0
20101201 030021000,280.780000,280.930000,0
20101201 030026000,280.770000,280.920000,0
20101201 030030000,280.740000,280.890000,0
20101201 030031000,280.730000,280.880000,0
20101201 030037000,280.750000,280.900000,0
20101201 030037000,280.760000,280.910000,0
20101201 030038000,280.790000,280.940000,0
20101201 030040000,280.800000,280.950000,0
20101201 030041000,280.790000,280.940000,0
20101201 030043000,280.800000,280.950000,0
20101201 030044000,280.810000,280.960000,0
20101201 030045000,280.820000,280.970000,0
20101201 030046000,280.810000,280.960000,0
20101201 030048000,280.800000,280.950000,0
20101201 030050000,280.790000,280.940000,0
20101201 030053000,280.780000,280.930000,0
20101201 030053000,280.770000,280.920000,0
20101201 030055000,280.780000,280.930000,0
20101201 030059000,280.790000,280.940000,0
20101201 030100000,280.800000,280.950000,0
20101201 030104000,280.790000,280.940000,0
20101201 030108000,280.800000,280.950000,0
20101201 030124000,280.810000,280.960000,0
20101201 030132000,280.800000,280.950000,0
20101201 030136000,280.830000,280.980000,0
20101201 030138000,280.840000,280.990000,0
20101201 030139000,280.850000,281.000000,0
20101201 030142000,280.810000,280.960000,0
20101201 030208000,280.800000,280.950000,0
20101201 030211000,280.790000,280.940000,0
20101201 030211000,280.800000,280.950000,0
20101201 030223000,280.810000,280.960000,0
20101201 030228000,280.800000,280.950000,0
20101201 030229000,280.790000,280.940000,0
20101201 030238000,280.750000,280.900000,0
20101201 030241000,280.740000,280.890000,0
20101201 030241000,280.730000,280.880000,0
20101201 030249000,280.740000,280.890000,0
20101201 030250000,280.730000,280.880000,0
20101201 030254000,280.740000,280.890000,0
20101201 030258000,280.730000,280.880000,0
20101201 030311000,280.720000,280.870000,0
20101201 030324000,280.730000,280.880000,0
20101201 030329000,280.740000,280.890000,0
20101201 030342000,280.750000,280.900000,0
20101201 030352000,280.740000,280.890000,0
20101201 030357000,280.730000,280.880000,0
20101201 030357000,280.740000,280.890000,0
20101201 030358000,280.750000,280.900000,0
20101201 030359000,280.740000,280.890000,0
20101201 030402000,280.730000,280.880000,0
20101201 030404000,280.740000,280.890000,0
20101201 030409000,280.730000,280.880000,0
20101201 030410000,280.740000,280.890000,0
20101201 030415000,280.730000,280.880000,0
20101201 030419000,280.740000,280.890000,0
20101201 030421000,280.730000,280.880000,0
20101201 030422000,280.740000,280.890000,0
20101201 030441000,280.750000,280.900000,0
20101201 030441000,280.740000,280.890000,0
20101201 030448000,280.750000,280.900000,0
20101201 030452000,280.740000,280.890000,0
20101201 030454000,280.750000,280.900000,0
20101201 030455000,280.760000,280.910000,0
20101201 030500000,280.770000,280.920000,0
20101201 030527000,280.760000,280.910000,0
20101201 030527000,280.770000,280.920000,0
20101201 030528000,280.760000,280.910000,0
20101201 030529000,280.770000,280.920000,0
20101201 030529000,280.760000,280.910000,0
20101201 030531000,280.770000,280.920000,0
20101201 030537000,280.760000,280.910000,0
20101201 030547000,280.750000,280.900000,0
20101201 030547000,280.760000,280.910000,0
20101201 030548000,280.750000,280.900000,0
20101201 030551000,280.760000,280.910000,0
20101201 030606000,280.770000,280.920000,0
20101201 030634000,280.760000,280.910000,0
20101201 030634000,280.770000,280.920000,0
20101201 030637000,280.760000,280.910000,0
20101201 030641000,280.770000,280.920000,0
20101201 030644000,280.760000,280.910000,0
20101201 030646000,280.750000,280.900000,0
20101201 030646000,280.760000,280.910000,0
20101201 030649000,280.750000,280.900000,0
20101201 030652000,280.760000,280.910000,0
20101201 030652000,280.750000,280.900000,0
20101201 030700000,280.740000,280.890000,0
20101201 030701000,280.750000,280.900000,0
20101201 030705000,280.760000,280.910000,0
20101201 030705000,280.750000,280.900000,0
20101201 030713000,280.740000,280.890000,0
20101201 030719000,280.730000,280.880000,0
20101201 030726000,280.720000,280.870000,0
20101201 030726000,280.710000,280.860000,0
20101201 030727000,280.720000,280.870000,0
20101201 030727000,280.710000,280.860000,0
20101201 030730000,280.720000,280.870000,0
20101201 030746000,280.730000,280.880000,0
20101201 030746000,280.720000,280.870000,0
20101201 030747000,280.730000,280.880000,0
20101201 030748000,280.720000,280.870000,0
20101201 030750000,280.730000,280.880000,0
20101201 030751000,280.720000,280.870000,0
20101201 030751000,280.730000,280.880000,0
20101201 030753000,280.720000,280.870000,0
20101201 030759000,280.730000,280.880000,0
20101201 030759000,280.720000,280.870000,0
20101201 030800000,280.730000,280.880000,0
20101201 030801000,280.720000,280.870000,0
20101201 030802000,280.730000,280.880000,0
20101201 030812000,280.720000,280.870000,0
20101201 030816000,280.730000,280.880000,0
20101201 030833000,280.720000,280.870000,0
20101201 030902000,280.730000,280.880000,0
20101201 030902000,280.720000,280.870000,0
20101201 030948000,280.730000,280.880000,0
20101201 030949000,280.720000,280.870000,0
20101201 030949000,280.730000,280.880000,0
20101201 030953000,280.720000,280.870000,0
20101201 030955000,280.730000,280.880000,0
20101201 030957000,280.720000,280.870000,0
20101201 030958000,280.710000,280.860000,0
20101201 030959000,280.720000,280.870000,0
20101201 031003000,280.730000,280.880000,0
20101201 031012000,280.720000,280.870000,0
20101201 031019000,280.710000,280.860000,0
20101201 031028000,280.660000,280.810000,0
20101201 031033000,280.650000,280.800000,0
20101201 031034000,280.660000,280.810000,0
20101201 031043000,280.650000,280.800000,0
20101201 031044000,280.710000,280.860000,0
20101201 031051000,280.690000,280.840000,0
20101201 031052000,280.700000,280.850000,0
20101201 031055000,280.710000,280.860000,0
20101201 031057000,280.700000,280.850000,0
20101201 031058000,280.680000,280.830000,0
20101201 031102000,280.620000,280.770000,0
20101201 031102000,280.610000,280.760000,0
20101201 031104000,280.620000,280.770000,0
20101201 031106000,280.610000,280.760000,0
20101201 031124000,280.620000,280.770000,0
20101201 031124000,280.650000,280.800000,0
20101201 031126000,280.660000,280.810000,0
20101201 031129000,280.650000,280.800000,0
20101201 031135000,280.660000,280.810000,0
20101201 031135000,280.680000,280.830000,0
20101201 031141000,280.650000,280.800000,0
20101201 031148000,280.640000,280.790000,0
20101201 031204000,280.650000,280.800000,0
20101201 031205000,280.580000,280.730000,0
20101201 031210000,280.550000,280.700000,0
20101201 031223000,280.560000,280.710000,0
20101201 031225000,280.550000,280.700000,0
20101201 031259000,280.540000,280.690000,0
20101201 031333000,280.530000,280.680000,0
20101201 031333000,280.540000,280.690000,0
20101201 031335000,280.530000,280.680000,0
20101201 031335000,280.540000,280.690000,0
20101201 031336000,280.530000,280.680000,0
20101201 031336000,280.540000,280.690000,0
20101201 031338000,280.530000,280.680000,0
20101201 031442000,280.550000,280.700000,0
20101201 031452000,280.560000,280.710000,0
20101201 031508000,280.550000,280.700000,0
20101201 031521000,280.540000,280.690000,0
20101201 031522000,280.550000,280.700000,0
20101201 031526000,280.540000,280.690000,0
20101201 031529000,280.530000,280.680000,0
20101201 031530000,280.550000,280.700000,0
20101201 031530000,280.540000,280.690000,0
20101201 031531000,280.550000,280.700000,0
20101201 031532000,280.540000,280.690000,0
20101201 031545000,280.550000,280.700000,0
20101201 031546000,280.540000,280.690000,0
20101201 031554000,280.550000,280.700000,0
20101201 031556000,280.540000,280.690000,0
20101201 031617000,280.550000,280.700000,0
20101201 031628000,280.560000,280.710000,0
20101201 031631000,280.570000,280.720000,0
20101201 031633000,280.560000,280.710000,0
20101201 031641000,280.570000,280.720000,0
20101201 031643000,280.560000,280.710000,0
20101201 031644000,280.570000,280.720000,0
20101201 031644000,280.560000,280.710000,0
20101201 031645000,280.570000,280.720000,0
20101201 031646000,280.560000,280.710000,0
20101201 031648000,280.570000,280.720000,0
20101201 031648000,280.560000,280.710000,0
20101201 031651000,280.570000,280.720000,0
20101201 031655000,280.580000,280.730000,0
20101201 031656000,280.570000,280.720000,0
20101201 031658000,280.580000,280.730000,0
20101201 031701000,280.570000,280.720000,0
20101201 031701000,280.580000,280.730000,0
20101201 031706000,280.590000,280.740000,0
20101201 031706000,280.580000,280.730000,0
20101201 031710000,280.570000,280.720000,0
20101201 031711000,280.580000,280.730000,0
20101201 031712000,280.570000,280.720000,0
20101201 031716000,280.580000,280.730000,0
20101201 031717000,280.570000,280.720000,0
20101201 031723000,280.580000,280.730000,0
20101201 031726000,280.570000,280.720000,0
20101201 031729000,280.580000,280.730000,0
20101201 031748000,280.530000,280.680000,0
20101201 031749000,280.510000,280.660000,0
20101201 031750000,280.500000,280.650000,0
20101201 031841000,280.490000,280.640000,0
20101201 031843000,280.500000,280.650000,0
20101201 031851000,280.490000,280.640000,0
20101201 031900000,280.480000,280.630000,0
20101201 031901000,280.470000,280.620000,0
20101201 031902000,280.460000,280.610000,0
20101201 031903000,280.470000,280.620000,0
20101201 031908000,280.460000,280.610000,0
20101201 031913000,280.470000,280.620000,0
20101201 031918000,280.540000,280.690000,0
20101201 031918000,280.550000,280.700000,0
20101201 031918000,280.540000,280.690000,0
20101201 031923000,280.530000,280.680000,0
20101201 031938000,280.520000,280.670000,0
20101201 031941000,280.530000,280.680000,0
20101201 031941000,280.520000,280.670000,0
20101201 031943000,280.530000,280.680000,0
20101201 031943000,280.520000,280.670000,0
20101201 031951000,280.530000,280.680000,0
20101201 031952000,280.520000,280.670000,0
20101201 031953000,280.530000,280.680000,0
20101201 031954000,280.520000,280.670000,0
20101201 031955000,280.530000,280.680000,0
20101201 031956000,280.520000,280.670000,0
20101201 031956000,280.530000,280.680000,0
20101201 032001000,280.520000,280.670000,0
20101201 032001000,280.530000,280.680000,0
20101201 032005000,280.510000,280.660000,0
20101201 032006000,280.490000,280.640000,0
20101201 032009000,280.500000,280.650000,0
20101201 032010000,280.490000,280.640000,0
20101201 032010000,280.500000,280.650000,0
20101201 032013000,280.490000,280.640000,0
20101201 032016000,280.500000,280.650000,0
20101201 032019000,280.490000,280.640000,0
20101201 032026000,280.480000,280.630000,0
20101201 032028000,280.470000,280.620000,0
20101201 032037000,280.450000,280.600000,0
20101201 032038000,280.460000,280.610000,0
20101201 032040000,280.450000,280.600000,0
20101201 032041000,280.460000,280.610000,0
20101201 032041000,280.450000,280.600000,0
20101201 032042000,280.430000,280.580000,0
20101201 032044000,280.420000,280.570000,0
20101201 032045000,280.430000,280.580000,0
20101201 032048000,280.420000,280.570000,0
20101201 032052000,280.430000,280.580000,0
20101201 032055000,280.420000,280.570000,0
20101201 032059000,280.450000,280.600000,0
20101201 032100000,280.440000,280.590000,0
20101201 032100000,280.450000,280.600000,0
20101201 032101000,280.440000,280.590000,0
20101201 032106000,280.450000,280.600000,0
20101201 032108000,280.460000,280.610000,0
20101201 032108000,280.450000,280.600000,0
20101201 032110000,280.440000,280.590000,0
20101201 032112000,280.450000,280.600000,0
20101201 032112000,280.430000,280.580000,0
20101201 032113000,280.440000,280.590000,0
20101201 032128000,280.450000,280.600000,0
20101201 032128000,280.400000,280.550000,0
20101201 032129000,280.380000,280.530000,0
20101201 032132000,280.360000,280.510000,0
20101201 032135000,280.350000,280.500000,0
20101201 032136000,280.340000,280.490000,0
20101201 032137000,280.350000,280.500000,0
20101201 032137000,280.330000,280.480000,0
20101201 032138000,280.340000,280.490000,0
20101201 032138000,280.320000,280.470000,0
20101201 032140000,280.310000,280.460000,0
20101201 032145000,280.320000,280.470000,0
20101201 032146000,280.280000,280.430000,0
20101201 032159000,280.270000,280.420000,0
20101201 032159000,280.280000,280.430000,0
20101201 032243000,280.290000,280.440000,0
20101201 032244000,280.300000,280.450000,0
20101201 032245000,280.290000,280.440000,0
20101201 032248000,280.300000,280.450000,0
20101201 032250000,280.290000,280.440000,0
20101201 032250000,280.300000,280.450000,0
20101201 032253000,280.290000,280.440000,0
20101201 032254000,280.280000,280.430000,0
20101201 032259000,280.290000,280.440000,0
20101201 032302000,280.300000,280.450000,0
20101201 032302000,280.290000,280.440000,0
20101201 032305000,280.280000,280.430000,0
20101201 032312000,280.290000,280.440000,0
20101201 032314000,280.300000,280.450000,0
20101201 032316000,280.290000,280.440000,0
20101201 032334000,280.280000,280.430000,0
20101201 032349000,280.290000,280.440000,0
20101201 032353000,280.280000,280.430000,0
20101201 032354000,280.290000,280.440000,0
20101201 032355000,280.280000,280.430000,0
20101201 032356000,280.290000,280.440000,0
20101201 032403000,280.280000,280.430000,0
20101201 032412000,280.260000,280.410000,0
20101201 032417000,280.270000,280.420000,0
20101201 032419000,280.280000,280.430000,0
20101201 032420000,280.270000,280.420000,0
20101201 032421000,280.280000,280.430000,0
20101201 032421000,280.270000,280.420000,0
20101201 032422000,280.280000,280.430000,0
20101201 032423000,280.270000,280.420000,0
20101201 032431000,280.290000,280.440000,0
20101201 032431000,280.300000,280.450000,0
20101201 032443000,280.290000,280.440000,0
20101201 032443000,280.280000,280.430000,0
20101201 032500000,280.290000,280.440000,0
20101201 032500000,280.300000,280.450000,0
20101201 032547000,280.280000,280.430000,0
20101201 032552000,280.230000,280.380000,0
20101201 032553000,280.220000,280.370000,0
20101201 032557000,280.230000,280.380000,0
20101201 032558000,280.220000,280.370000,0
20101201 032608000,280.280000,280.430000,0
20101201 032618000,280.220000,280.370000,0
20101201 032618000,280.200000,280.350000,0
20101201 032624000,280.280000,280.430000,0
20101201 032626000,280.290000,280.440000,0
20101201 032627000,280.270000,280.420000,0
20101201 032629000,280.280000,280.430000,0
20101201 032630000,280.270000,280.420000,0
20101201 032631000,280.280000,280.430000,0
20101201 032631000,280.270000,280.420000,0
20101201 032631000,280.280000,280.430000,0
20101201 032632000,280.270000,280.420000,0
20101201 032632000,280.280000,280.430000,0
20101201 032632000,280.270000,280.420000,0
20101201 032636000,280.260000,280.410000,0
20101201 032636000,280.270000,280.420000,0
20101201 032636000,280.260000,280.410000,0
20101201 032639000,280.290000,280.440000,0
20101201 032639000,280.280000,280.430000,0
20101201 032641000,280.290000,280.440000,0
20101201 032649000,280.280000,280.430000,0
20101201 032649000,280.290000,280.440000,0
20101201 032650000,280.280000,280.430000,0
20101201 032651000,280.290000,280.440000,0
20101201 032652000,280.280000,280.430000,0
20101201 032654000,280.290000,280.440000,0
20101201 032658000,280.300000,280.450000,0
20101201 032659000,280.290000,280.440000,0
20101201 032736000,280.280000,280.430000,0
20101201 032758000,280.290000,280.440000,0
20101201 032802000,280.280000,280.430000,0
20101201 032802000,280.290000,280.440000,0
20101201 032807000,280.300000,280.450000,0
20101201 032811000,280.290000,280.440000,0
20101201 032815000,280.300000,280.450000,0
20101201 032817000,280.290000,280.440000,0
20101201 032819000,280.300000,280.450000,0
20101201 032820000,280.290000,280.440000,0
20101201 032828000,280.300000,280.450000,0
20101201 032833000,280.310000,280.460000,0
20101201 032837000,280.300000,280.450000,0
20101201 032845000,280.310000,280.460000,0
20101201 032848000,280.300000,280.450000,0
20101201 032848000,280.310000,280.460000,0
20101201 032906000,280.320000,280.470000,0
20101201 032907000,280.310000,280.460000,0
20101201 032908000,280.290000,280.440000,0
20101201 032912000,280.300000,280.450000,0
20101201 032913000,280.290000,280.440000,0
20101201 032913000,280.300000,280.450000,0
20101201 032914000,280.310000,280.460000,0
20101201 032915000,280.300000,280.450000,0
20101201 032916000,280.290000,280.440000,0
20101201 032920000,280.300000,280.450000,0
20101201 032921000,280.290000,280.440000,0
20101201 032924000,280.300000,280.450000,0
20101201 032928000,280.290000,280.440000,0
20101201 032928000,280.300000,280.450000,0
20101201 032936000,280.360000,280.510000,0
20101201 032936000,280.410000,280.560000,0
20101201 032937000,280.430000,280.580000,0
20101201 032939000,280.420000,280.570000,0
20101201 032940000,280.430000,280.580000,0
20101201 032942000,280.420000,280.570000,0
20101201 032942000,280.440000,280.590000,0
20101201 032943000,280.460000,280.610000,0
20101201 032945000,280.450000,280.600000,0
20101201 032948000,280.390000,280.540000,0
20101201 032949000,280.360000,280.510000,0
20101201 032949000,280.370000,280.520000,0
20101201 032951000,280.380000,280.530000,0
20101201 032953000,280.390000,280.540000,0
20101201 032955000,280.430000,280.580000,0
20101201 033000000,280.440000,280.590000,0
20101201 033001000,280.410000,280.560000,0
20101201 033002000,280.400000,280.550000,0
20101201 033004000,280.440000,280.590000,0
20101201 033004000,280.450000,280.600000,0
20101201 033005000,280.420000,280.570000,0
20101201 033005000,280.410000,280.560000,0
20101201 033006000,280.400000,280.550000,0
20101201 033008000,280.410000,280.560000,0
20101201 033010000,280.430000,280.580000,0
20101201 033011000,280.400000,280.550000,0
20101201 033014000,280.410000,280.560000,0
20101201 033015000,280.430000,280.580000,0
20101201 033024000,280.380000,280.530000,0
20101201 033025000,280.430000,280.580000,0
20101201 033026000,280.380000,280.530000,0
20101201 033027000,280.390000,280.540000,0
20101201 033029000,280.380000,280.530000,0
20101201 033037000,280.370000,280.520000,0
20101201 033038000,280.380000,280.530000,0
20101201 033042000,280.400000,280.550000,0
20101201 033044000,280.390000,280.540000,0
20101201 033044000,280.380000,280.530000,0
20101201 033047000,280.350000,280.500000,0
20101201 033049000,280.340000,280.490000,0
20101201 033050000,280.330000,280.480000,0
20101201 033052000,280.350000,280.500000,0
20101201 033052000,280.370000,280.520000,0
20101201 033053000,280.340000,280.490000,0
20101201 033054000,280.350000,280.500000,0
20101201 033055000,280.330000,280.480000,0
20101201 033114000,280.320000,280.470000,0
20101201 033114000,280.330000,280.480000,0
20101201 033115000,280.320000,280.470000,0
20101201 033116000,280.330000,280.480000,0
20101201 033124000,280.320000,280.470000,0
20101201 033128000,280.330000,280.480000,0
20101201 033207000,280.320000,280.470000,0
20101201 033211000,280.330000,280.480000,0
20101201 033213000,280.320000,280.470000,0
20101201 033214000,280.330000,280.480000,0
20101201 033215000,280.320000,280.470000,0
20101201 033216000,280.330000,280.480000,0
20101201 033224000,280.320000,280.470000,0
20101201 033225000,280.330000,280.480000,0
20101201 033228000,280.340000,280.490000,0
20101201 033229000,280.330000,280.480000,0
20101201 033240000,280.340000,280.490000,0
20101201 033243000,280.350000,280.500000,0
20101201 033257000,280.340000,280.490000,0
20101201 033301000,280.350000,280.500000,0
20101201 033303000,280.340000,280.490000,0
20101201 033304000,280.350000,280.500000,0
20101201 033306000,280.340000,280.490000,0
20101201 033308000,280.350000,280.500000,0
20101201 033309000,280.340000,280.490000,0
20101201 033335000,280.360000,280.510000,0
20101201 033335000,280.380000,280.530000,0
20101201 033336000,280.370000,280.520000,0
20101201 033339000,280.400000,280.550000,0
20101201 033340000,280.410000,280.560000,0
20101201 033354000,280.420000,280.570000,0
20101201 033356000,280.410000,280.560000,0
20101201 033358000,280.400000,280.550000,0
20101201 033359000,280.410000,280.560000,0
20101201 033411000,280.420000,280.570000,0
20101201 033430000,280.430000,280.580000,0
20101201 033501000,280.440000,280.590000,0
20101201 033503000,280.450000,280.600000,0
20101201 033505000,280.460000,280.610000,0
20101201 033511000,280.470000,280.620000,0
20101201 033511000,280.480000,280.630000,0
20101201 033513000,280.490000,280.640000,0
20101201 033514000,280.480000,280.630000,0
20101201 033520000,280.530000,280.680000,0
20101201 033521000,280.480000,280.630000,0
20101201 033551000,280.470000,280.620000,0
20101201 033554000,280.460000,280.610000,0
20101201 033602000,280.470000,280.620000,0
20101201 033609000,280.480000,280.630000,0
20101201 033610000,280.470000,280.620000,0
20101201 033611000,280.480000,280.630000,0
20101201 033614000,280.470000,280.620000,0
20101201 033614000,280.480000,280.630000,0
20101201 033626000,280.470000,280.620000,0
20101201 033627000,280.480000,280.630000,0
20101201 033638000,280.470000,280.620000,0
20101201 033641000,280.480000,280.630000,0
20101201 033642000,280.470000,280.620000,0
20101201 033646000,280.450000,280.600000,0
20101201 033648000,280.440000,280.590000,0
20101201 033651000,280.430000,280.580000,0
20101201 033652000,280.440000,280.590000,0
20101201 033652000,280.430000,280.580000,0
20101201 033653000,280.440000,280.590000,0
20101201 033655000,280.430000,280.580000,0
20101201 033656000,280.440000,280.590000,0
20101201 033656000,280.430000,280.580000,0
20101201 033657000,280.440000,280.590000,0
20101201 033706000,280.430000,280.580000,0
20101201 033711000,280.420000,280.570000,0
20101201 033711000,280.410000,280.560000,0
20101201 033712000,280.430000,280.580000,0
20101201 033713000,280.440000,280.590000,0
20101201 033714000,280.450000,280.600000,0
20101201 033722000,280.440000,280.590000,0
20101201 033723000,280.430000,280.580000,0
20101201 033728000,280.420000,280.570000,0
20101201 033732000,280.430000,280.580000,0
20101201 033733000,280.420000,280.570000,0
20101201 033735000,280.380000,280.530000,0
20101201 033736000,280.370000,280.520000,0
20101201 033746000,280.360000,280.510000,0
20101201 033754000,280.370000,280.520000,0
20101201 033756000,280.360000,280.510000,0
20101201 033756000,280.370000,280.520000,0
20101201 033800000,280.360000,280.510000,0
20101201 033810000,280.320000,280.470000,0
20101201 033811000,280.280000,280.430000,0
20101201 033811000,280.320000,280.470000,0
20101201 033815000,280.310000,280.460000,0
20101201 033825000,280.320000,280.470000,0
20101201 033829000,280.330000,280.480000,0
20101201 033831000,280.320000,280.470000,0
20101201 033835000,280.330000,280.480000,0
20101201 033840000,280.340000,280.490000,0
20101201 033846000,280.330000,280.480000,0
20101201 033847000,280.340000,280.490000,0
20101201 033859000,280.350000,280.500000,0
20101201 033908000,280.340000,280.490000,0
20101201 033909000,280.330000,280.480000,0
20101201 033913000,280.340000,280.490000,0
20101201 033913000,280.330000,280.480000,0
20101201 033925000,280.340000,280.490000,0
20101201 033934000,280.350000,280.500000,0
20101201 033935000,280.360000,280.510000,0
20101201 034013000,280.350000,280.500000,0
20101201 034013000,280.360000,280.510000,0
20101201 034015000,280.350000,280.500000,0
20101201 034018000,280.360000,280.510000,0
20101201 034018000,280.350000,280.500000,0
20101201 034020000,280.360000,280.510000,0
20101201 034020000,280.350000,280.500000,0
20101201 034021000,280.360000,280.510000,0
20101201 034043000,280.350000,280.500000,0
20101201 034043000,280.360000,280.510000,0
20101201 034044000,280.350000,280.500000,0
20101201 034049000,280.340000,280.490000,0
20101201 034054000,280.330000,280.480000,0
20101201 034056000,280.340000,280.490000,0
20101201 034057000,280.350000,280.500000,0
20101201 034125000,280.380000,280.530000,0
20101201 034126000,280.370000,280.520000,0
20101201 034134000,280.360000,280.510000,0
20101201 034140000,280.370000,280.520000,0
20101201 034143000,280.360000,280.510000,0
20101201 034146000,280.370000,280.520000,0
20101201 034151000,280.360000,280.510000,0
20101201 034153000,280.370000,280.520000,0
20101201 034156000,280.350000,280.500000,0
20101201 034157000,280.360000,280.510000,0
20101201 034158000,280.350000,280.500000,0
20101201 034205000,280.340000,280.490000,0
20101201 034205000,280.350000,280.500000,0
20101201 034206000,280.330000,280.480000,0
20101201 034208000,280.320000,280.470000,0
20101201 034211000,280.340000,280.490000,0
20101201 034214000,280.330000,280.480000,0
20101201 034218000,280.310000,280.460000,0
20101201 034231000,280.300000,280.450000,0
20101201 034255000,280.290000,280.440000,0
20101201 034255000,280.320000,280.470000,0
20101201 034300000,280.350000,280.500000,0
20101201 034310000,280.370000,280.520000,0
20101201 034320000,280.380000,280.530000,0
20101201 034325000,280.370000,280.520000,0
20101201 034327000,280.380000,280.530000,0
20101201 034328000,280.390000,280.540000,0
20101201 034330000,280.380000,280.530000,0
20101201 034333000,280.390000,280.540000,0
20101201 034335000,280.380000,280.530000,0
20101201 034335000,280.390000,280.540000,0
20101201 034337000,280.400000,280.550000,0
20101201 034338000,280.390000,280.540000,0
20101201 034344000,280.380000,280.530000,0
20101201 034345000,280.390000,280.540000,0
20101201 034345000,280.380000,280.530000,0
20101201 034346000,280.390000,280.540000,0
20101201 034359000,280.400000,280.550000,0
20101201 034412000,280.390000,280.540000,0
20101201 034412000,280.400000,280.550000,0
20101201 034413000,280.390000,280.540000,0
20101201 034422000,280.400000,280.550000,0
20101201 034430000,280.390000,280.540000,0
20101201 034432000,280.400000,280.550000,0
20101201 034432000,280.390000,280.540000,0
20101201 034433000,280.400000,280.550000,0
20101201 034517000,280.410000,280.560000,0
20101201 034519000,280.420000,280.570000,0
20101201 034526000,280.410000,280.560000,0
20101201 034528000,280.400000,280.550000,0
20101201 034555000,280.390000,280.540000,0
20101201 034601000,280.400000,280.550000,0
20101201 034629000,280.390000,280.540000,0
20101201 034631000,280.400000,280.550000,0
20101201 034635000,280.390000,280.540000,0
20101201 034636000,280.400000,280.550000,0
20101201 034709000,280.390000,280.540000,0
20101201 034725000,280.380000,280.530000,0
20101201 034733000,280.390000,280.540000,0
20101201 034802000,280.400000,280.550000,0
20101201 034948000,280.410000,280.560000,0
20101201 034948000,280.400000,280.550000,0
20101201 034950000,280.410000,280.560000,0
20101201 034952000,280.400000,280.550000,0
20101201 034953000,280.410000,280.560000,0
20101201 034955000,280.400000,280.550000,0
20101201 035004000,280.410000,280.560000,0
20101201 035004000,280.400000,280.550000,0
20101201 035010000,280.410000,280.560000,0
20101201 035011000,280.400000,280.550000,0
20101201 035055000,280.390000,280.540000,0
20101201 035101000,280.400000,280.550000,0
20101201 035109000,280.390000,280.540000,0
20101201 035113000,280.380000,280.530000,0
20101201 035115000,280.390000,280.540000,0
20101201 035115000,280.380000,280.530000,0
20101201 035119000,280.390000,280.540000,0
20101201 035128000,280.380000,280.530000,0
20101201 035140000,280.370000,280.520000,0
20101201 035148000,280.380000,280.530000,0
20101201 035148000,280.370000,280.520000,0
20101201 035149000,280.380000,280.530000,0
20101201 035149000,280.390000,280.540000,0
20101201 035154000,280.380000,280.530000,0
20101201 035159000,280.390000,280.540000,0
20101201 035200000,280.400000,280.550000,0
20101201 035416000,280.410000,280.560000,0
20101201 035417000,280.400000,280.550000,0
20101201 035428000,280.410000,280.560000,0
20101201 035444000,280.400000,280.550000,0
20101201 035519000,280.430000,280.580000,0
20101201 035519000,280.400000,280.550000,0
20101201 035519000,280.410000,280.560000,0
20101201 035521000,280.400000,280.550000,0
20101201 035542000,280.410000,280.560000,0
20101201 035621000,280.420000,280.570000,0
20101201 035622000,280.410000,280.560000,0
20101201 035629000,280.420000,280.570000,0
20101201 035637000,280.410000,280.560000,0
20101201 035639000,280.420000,280.570000,0
20101201 035657000,280.410000,280.560000,0
20101201 035658000,280.420000,280.570000,0
20101201 035659000,280.410000,280.560000,0
20101201 035743000,280.400000,280.550000,0
20101201 035749000,280.410000,280.560000,0
20101201 035750000,280.400000,280.550000,0
20101201 035757000,280.410000,280.560000,0
20101201 035800000,280.400000,280.550000,0
20101201 035829000,280.410000,280.560000,0
20101201 035833000,280.400000,280.550000,0
20101201 035837000,280.410000,280.560000,0
20101201 035847000,280.400000,280.550000,0
20101201 035847000,280.410000,280.560000,0
20101201 035848000,280.400000,280.550000,0
20101201 035902000,280.410000,280.560000,0
20101201 035903000,280.420000,280.570000,0
20101201 035907000,280.410000,280.560000,0
20101201 035915000,280.420000,280.570000,0
20101201 035919000,280.410000,280.560000,0
20101201 035921000,280.420000,280.570000,0
20101201 035922000,280.410000,280.560000,0
20101201 035923000,280.420000,280.570000,0
20101201 035927000,280.410000,280.560000,0
20101201 035933000,280.420000,280.570000,0
20101201 035934000,280.410000,280.560000,0
20101201 035941000,280.420000,280.570000,0
20101201 035942000,280.410000,280.560000,0
20101201 035956000,280.400000,280.550000,0
20101201 035957000,280.410000,280.560000,0
20101201 040005000,280.420000,280.570000,0
20101201 040007000,280.410000,280.560000,0
20101201 040007000,280.420000,280.570000,0
20101201 040008000,280.410000,280.560000,0
20101201 040013000,280.400000,280.550000,0
20101201 040046000,280.410000,280.560000,0
20101201 040047000,280.400000,280.550000,0
20101201 040048000,280.410000,280.560000,0
20101201 040103000,280.420000,280.570000,0
20101201 040107000,280.410000,280.560000,0
20101201 040109000,280.420000,280.570000,0
20101201 040112000,280.410000,280.560000,0
20101201 040118000,280.400000,280.550000,0
20101201 040139000,280.410000,280.560000,0
20101201 040144000,280.430000,280.580000,0
20101201 040157000,280.410000,280.560000,0
20101201 040218000,280.420000,280.570000,0
20101201 040219000,280.410000,280.560000,0
20101201 040221000,280.420000,280.570000,0
20101201 040226000,280.410000,280.560000,0
20101201 040229000,280.420000,280.570000,0
20101201 040253000,280.410000,280.560000,0
20101201 040303000,280.420000,280.570000,0
20101201 040304000,280.440000,280.590000,0
20101201 040307000,280.450000,280.600000,0
20101201 040308000,280.440000,280.590000,0
20101201 040309000,280.460000,280.610000,0
20101201 040311000,280.470000,280.620000,0
20101201 040347000,280.460000,280.610000,0
20101201 040352000,280.470000,280.620000,0
20101201 040359000,280.460000,280.610000,0
20101201 040400000,280.470000,280.620000,0
20101201 040400000,280.460000,280.610000,0
20101201 040404000,280.470000,280.620000,0
20101201 040404000,280.460000,280.610000,0
20101201 040404000,280.470000,280.620000,0
20101201 040405000,280.460000,280.610000,0
20101201 040406000,280.470000,280.620000,0
20101201 040412000,280.460000,280.610000,0
20101201 040413000,280.470000,280.620000,0
20101201 040414000,280.460000,280.610000,0
20101201 040422000,280.470000,280.620000,0
20101201 040424000,280.460000,280.610000,0
20101201 040424000,280.470000,280.620000,0
20101201 040430000,280.460000,280.610000,0
20101201 040434000,280.470000,280.620000,0
20101201 040449000,280.460000,280.610000,0
20101201 040450000,280.470000,280.620000,0
20101201 040455000,280.460000,280.610000,0
20101201 040617000,280.480000,280.630000,0
20101201 040619000,280.530000,280.680000,0
20101201 040619000,280.540000,280.690000,0
20101201 040619000,280.530000,280.680000,0
20101201 040627000,280.510000,280.660000,0
20101201 040647000,280.520000,280.670000,0
20101201 040649000,280.740000,280.890000,0
20101201 040649000,280.730000,280.880000,0
20101201 040650000,280.740000,280.890000,0
20101201 040651000,280.750000,280.900000,0
20101201 040652000,280.740000,280.890000,0
20101201 040656000,280.770000,280.920000,0
20101201 040657000,280.760000,280.910000,0
20101201 040707000,280.750000,280.900000,0
20101201 040724000,280.740000,280.890000,0
20101201 040727000,280.750000,280.900000,0
20101201 040729000,280.700000,280.850000,0
20101201 040731000,280.580000,280.730000,0
20101201 040735000,280.600000,280.750000,0
20101201 040737000,280.650000,280.800000,0
20101201 040738000,280.660000,280.810000,0
20101201 040745000,280.630000,280.780000,0
20101201 040745000,280.600000,280.750000,0
20101201 040754000,280.610000,280.760000,0
20101201 040754000,280.600000,280.750000,0
20101201 040808000,280.680000,280.830000,0
20101201 040808000,280.670000,280.820000,0
20101201 040809000,280.680000,280.830000,0
20101201 040811000,280.610000,280.760000,0
20101201 040812000,280.600000,280.750000,0
20101201 040818000,280.630000,280.780000,0
20101201 040837000,280.640000,280.790000,0
20101201 040851000,280.630000,280.780000,0
20101201 040855000,280.640000,280.790000,0
20101201 040910000,280.650000,280.800000,0
20101201 040921000,280.660000,280.810000,0
20101201 040922000,280.650000,280.800000,0
20101201 040923000,280.660000,280.810000,0
20101201 040923000,280.650000,280.800000,0
20101201 040923000,280.660000,280.810000,0
20101201 041007000,280.670000,280.820000,0
20101201 041028000,280.640000,280.790000,0
20101201 041037000,280.630000,280.780000,0
20101201 041040000,280.620000,280.770000,0
20101201 041041000,280.630000,280.780000,0
20101201 041042000,280.640000,280.790000,0
20101201 041042000,280.630000,280.780000,0
20101201 041043000,280.620000,280.770000,0
20101201 041043000,280.640000,280.790000,0
20101201 041044000,280.650000,280.800000,0
20101201 041044000,280.680000,280.830000,0
20101201 041046000,280.690000,280.840000,0
20101201 041047000,280.680000,280.830000,0
20101201 041047000,280.670000,280.820000,0
20101201 041048000,280.680000,280.830000,0
20101201 041048000,280.690000,280.840000,0
20101201 041050000,280.680000,280.830000,0
20101201 041055000,280.690000,280.840000,0
20101201 041056000,280.710000,280.860000,0
20101201 041059000,280.700000,280.850000,0
20101201 041100000,280.620000,280.770000,0
20101201 041100000,280.610000,280.760000,0
20101201 041101000,280.620000,280.770000,0
20101201 041103000,280.610000,280.760000,0
20101201 041106000,280.630000,280.780000,0
20101201 041108000,280.640000,280.790000,0
20101201 041109000,280.650000,280.800000,0
20101201 041110000,280.640000,280.790000,0
20101201 041114000,280.660000,280.810000,0
20101201 041132000,280.650000,280.800000,0
20101201 041200000,280.660000,280.810000,0
20101201 041213000,280.650000,280.800000,0
20101201 041214000,280.660000,280.810000,0
20101201 041232000,280.650000,280.800000,0
20101201 041233000,280.660000,280.810000,0
20101201 041239000,280.650000,280.800000,0
20101201 041240000,280.660000,280.810000,0
20101201 041250000,280.670000,280.820000,0
20101201 041252000,280.660000,280.810000,0
20101201 041253000,280.670000,280.820000,0
20101201 041253000,280.660000,280.810000,0
20101201 041300000,280.670000,280.820000,0
20101201 041328000,280.680000,280.830000,0
20101201 041330000,280.690000,280.840000,0
20101201 041331000,280.700000,280.850000,0
20101201 041342000,280.690000,280.840000,0
20101201 041343000,280.700000,280.850000,0
20101201 041343000,280.690000,280.840000,0
20101201 041357000,280.700000,280.850000,0
20101201 041410000,280.690000,280.840000,0
20101201 041418000,280.700000,280.850000,0
20101201 041418000,280.690000,280.840000,0
20101201 041424000,280.680000,280.830000,0
20101201 041441000,280.670000,280.820000,0
20101201 041443000,280.660000,280.810000,0
20101201 041450000,280.650000,280.800000,0
20101201 041452000,280.660000,280.810000,0
20101201 041453000,280.670000,280.820000,0
20101201 041456000,280.660000,280.810000,0
20101201 041507000,280.670000,280.820000,0
20101201 041540000,280.680000,280.830000,0
20101201 041540000,280.700000,280.850000,0
20101201 041544000,280.670000,280.820000,0
20101201 041545000,280.680000,280.830000,0
20101201 041545000,280.670000,280.820000,0
20101201 041600000,280.680000,280.830000,0
20101201 041621000,280.690000,280.840000,0
20101201 041622000,280.680000,280.830000,0
20101201 041622000,280.690000,280.840000,0
20101201 041632000,280.720000,280.870000,0
20101201 041634000,280.740000,280.890000,0
20101201 041635000,280.750000,280.900000,0
20101201 041637000,280.690000,280.840000,0
20101201 041711000,280.700000,280.850000,0
20101201 041713000,280.690000,280.840000,0
20101201 041713000,280.700000,280.850000,0
20101201 041716000,280.690000,280.840000,0
20101201 041722000,280.700000,280.850000,0
20101201 041729000,280.720000,280.870000,0
20101201 041730000,280.730000,280.880000,0
20101201 041731000,280.740000,280.890000,0
20101201 041735000,280.730000,280.880000,0
20101201 041739000,280.720000,280.870000,0
20101201 041740000,280.730000,280.880000,0
20101201 041741000,280.740000,280.890000,0
20101201 041744000,280.750000,280.900000,0
20101201 041745000,280.740000,280.890000,0
20101201 041801000,280.750000,280.900000,0
20101201 041802000,280.740000,280.890000,0
20101201 041805000,280.750000,280.900000,0
20101201 041809000,280.740000,280.890000,0
20101201 041811000,280.750000,280.900000,0
20101201 041812000,280.740000,280.890000,0
20101201 041813000,280.750000,280.900000,0
20101201 041816000,280.740000,280.890000,0
20101201 041817000,280.750000,280.900000,0
20101201 041818000,280.740000,280.890000,0
20101201 041820000,280.750000,280.900000,0
20101201 041822000,280.740000,280.890000,0
20101201 041838000,280.730000,280.880000,0
20101201 041844000,280.760000,280.910000,0
20101201 041947000,280.780000,280.930000,0
20101201 041947000,280.790000,280.940000,0
20101201 041948000,280.810000,280.960000,0
20101201 042121000,280.830000,280.980000,0
20101201 042206000,280.840000,280.990000,0
20101201 042208000,280.830000,280.980000,0
20101201 042214000,280.840000,280.990000,0
20101201 042215000,280.830000,280.980000,0
20101201 042216000,280.850000,281.000000,0
20101201 042216000,280.840000,280.990000,0
20101201 042220000,280.860000,281.010000,0
20101201 042220000,280.880000,281.030000,0
20101201 042221000,280.900000,281.050000,0
20101201 042222000,280.870000,281.020000,0
20101201 042225000,280.860000,281.010000,0
20101201 042226000,280.880000,281.030000,0
20101201 042230000,280.890000,281.040000,0
20101201 042232000,280.880000,281.030000,0
20101201 042232000,280.890000,281.040000,0
20101201 042233000,280.940000,281.090000,0
20101201 042233000,280.930000,281.080000,0
20101201 042235000,280.940000,281.090000,0
20101201 042236000,280.960000,281.110000,0
20101201 042237000,280.930000,281.080000,0
20101201 042237000,280.910000,281.060000,0
20101201 042238000,280.920000,281.070000,0
20101201 042239000,280.930000,281.080000,0
20101201 042240000,280.940000,281.090000,0
20101201 042240000,280.930000,281.080000,0
20101201 042241000,280.940000,281.090000,0
20101201 042243000,280.930000,281.080000,0
20101201 042249000,280.940000,281.090000,0
20101201 042250000,280.930000,281.080000,0
20101201 042254000,280.950000,281.100000,0
20101201 042255000,280.960000,281.110000,0
20101201 042255000,280.950000,281.100000,0
20101201 042300000,280.960000,281.110000,0
20101201 042302000,280.950000,281.100000,0
20101201 042307000,280.960000,281.110000,0
20101201 042315000,280.940000,281.090000,0
20101201 042320000,280.950000,281.100000,0
20101201 042337000,280.940000,281.090000,0
20101201 042338000,280.930000,281.080000,0
20101201 042342000,280.940000,281.090000,0
20101201 042350000,280.930000,281.080000,0
20101201 042350000,280.940000,281.090000,0
20101201 042356000,280.930000,281.080000,0
20101201 042356000,280.940000,281.090000,0
20101201 042401000,280.950000,281.100000,0
20101201 042401000,280.940000,281.090000,0
20101201 042402000,280.960000,281.110000,0
20101201 042402000,280.950000,281.100000,0
20101201 042403000,280.970000,281.120000,0
20101201 042404000,280.980000,281.130000,0
20101201 042429000,280.970000,281.120000,0
20101201 042430000,280.980000,281.130000,0
20101201 042433000,280.970000,281.120000,0
20101201 042436000,280.980000,281.130000,0
20101201 042437000,280.970000,281.120000,0
20101201 042439000,280.980000,281.130000,0
20101201 042447000,280.970000,281.120000,0
20101201 042448000,280.980000,281.130000,0
20101201 042456000,280.990000,281.140000,0
20101201 042458000,280.980000,281.130000,0
20101201 042459000,280.990000,281.140000,0
20101201 042505000,280.980000,281.130000,0
20101201 042549000,280.990000,281.140000,0
20101201 042552000,280.980000,281.130000,0
20101201 042555000,280.990000,281.140000,0
20101201 042607000,281.030000,281.180000,0
20101201 042607000,281.040000,281.190000,0
20101201 042608000,281.000000,281.150000,0
20101201 042611000,281.010000,281.160000,0
20101201 042619000,281.000000,281.150000,0
20101201 042637000,281.060000,281.210000,0
20101201 042640000,281.070000,281.220000,0
20101201 042642000,281.080000,281.230000,0
20101201 042645000,281.090000,281.240000,0
20101201 042645000,281.080000,281.230000,0
20101201 042646000,281.090000,281.240000,0
20101201 042646000,281.080000,281.230000,0
20101201 042648000,281.100000,281.250000,0
20101201 042649000,281.110000,281.260000,0
20101201 042649000,281.120000,281.270000,0
20101201 042706000,281.110000,281.260000,0
20101201 042710000,281.120000,281.270000,0
20101201 042725000,281.100000,281.250000,0
20101201 042732000,281.110000,281.260000,0
20101201 042732000,281.100000,281.250000,0
20101201 042739000,281.070000,281.220000,0
20101201 042739000,281.050000,281.200000,0
20101201 042740000,281.040000,281.190000,0
20101201 042749000,281.060000,281.210000,0
20101201 042750000,281.040000,281.190000,0
20101201 042807000,281.060000,281.210000,0
20101201 042808000,281.030000,281.180000,0
20101201 042808000,281.020000,281.170000,0
20101201 042809000,281.030000,281.180000,0
20101201 042811000,281.020000,281.170000,0
20101201 042837000,281.010000,281.160000,0
20101201 042844000,281.000000,281.150000,0
20101201 042846000,281.010000,281.160000,0
20101201 042849000,281.000000,281.150000,0
20101201 042900000,280.990000,281.140000,0
20101201 042900000,281.000000,281.150000,0
20101201 042903000,280.990000,281.140000,0
20101201 042911000,280.850000,281.000000,0
20101201 042912000,280.910000,281.060000,0
20101201 042913000,280.930000,281.080000,0
20101201 042924000,280.920000,281.070000,0
20101201 042924000,280.930000,281.080000,0
20101201 042925000,280.920000,281.070000,0
20101201 042945000,280.930000,281.080000,0
20101201 042946000,280.920000,281.070000,0
20101201 042954000,280.930000,281.080000,0
20101201 042956000,280.920000,281.070000,0
20101201 042957000,280.930000,281.080000,0
20101201 042959000,280.920000,281.070000,0
20101201 043000000,280.930000,281.080000,0
20101201 043002000,280.920000,281.070000,0
20101201 043002000,280.930000,281.080000,0
20101201 043002000,280.920000,281.070000,0
20101201 043004000,280.930000,281.080000,0
20101201 043005000,280.940000,281.090000,0
20101201 043033000,280.950000,281.100000,0
20101201 043036000,280.940000,281.090000,0
20101201 043040000,280.930000,281.080000,0
20101201 043135000,280.950000,281.100000,0
20101201 043144000,280.980000,281.130000,0
20101201 043201000,280.960000,281.110000,0
20101201 043201000,280.950000,281.100000,0
20101201 043345000,280.960000,281.110000,0
20101201 043352000,280.950000,281.100000,0
20101201 043353000,280.960000,281.110000,0
20101201 043354000,280.950000,281.100000,0
20101201 043355000,280.960000,281.110000,0
20101201 043401000,280.970000,281.120000,0
20101201 043404000,280.960000,281.110000,0
20101201 043419000,280.970000,281.120000,0
20101201 043440000,280.980000,281.130000,0
20101201 043458000,281.020000,281.170000,0
20101201 043458000,281.060000,281.210000,0
20101201 043501000,281.050000,281.200000,0
20101201 043509000,281.040000,281.190000,0
20101201 043514000,281.030000,281.180000,0
20101201 043530000,281.020000,281.170000,0
20101201 043534000,281.030000,281.180000,0
20101201 043536000,281.020000,281.170000,0
20101201 043545000,281.030000,281.180000,0
20101201 043545000,281.040000,281.190000,0
20101201 043545000,281.030000,281.180000,0
20101201 043546000,281.040000,281.190000,0
20101201 043547000,281.030000,281.180000,0
20101201 043549000,281.010000,281.160000,0
20101201 043611000,281.040000,281.190000,0
20101201 043613000,281.030000,281.180000,0
20101201 043613000,281.040000,281.190000,0
20101201 043614000,281.030000,281.180000,0
20101201 043624000,281.050000,281.200000,0
20101201 043625000,281.040000,281.190000,0
20101201 043626000,281.030000,281.180000,0
20101201 043630000,281.010000,281.160000,0
20101201 043630000,281.000000,281.150000,0
20101201 043631000,281.050000,281.200000,0
20101201 043633000,281.020000,281.170000,0
20101201 043633000,281.000000,281.150000,0
20101201 043635000,281.050000,281.200000,0
20101201 043635000,281.150000,281.300000,0
20101201 043636000,281.170000,281.320000,0
20101201 043636000,281.190000,281.340000,0
20101201 043637000,281.210000,281.360000,0
20101201 043637000,281.110000,281.260000,0
20101201 043637000,281.050000,281.200000,0
20101201 043639000,281.140000,281.290000,0
20101201 043639000,281.130000,281.280000,0
20101201 043641000,281.070000,281.220000,0
20101201 043641000,281.050000,281.200000,0
20101201 043646000,281.150000,281.300000,0
20101201 043649000,281.090000,281.240000,0
20101201 043649000,281.080000,281.230000,0
20101201 043651000,281.060000,281.210000,0
20101201 043651000,281.050000,281.200000,0
20101201 043655000,281.090000,281.240000,0
20101201 043655000,281.120000,281.270000,0
20101201 043702000,281.110000,281.260000,0
20101201 043703000,281.020000,281.170000,0
20101201 043703000,281.010000,281.160000,0
20101201 043704000,281.080000,281.230000,0
20101201 043705000,281.100000,281.250000,0
20101201 043705000,281.110000,281.260000,0
20101201 043706000,281.020000,281.170000,0
20101201 043707000,281.010000,281.160000,0
20101201 043712000,281.090000,281.240000,0
20101201 043716000,281.040000,281.190000,0
20101201 043716000,281.010000,281.160000,0
20101201 043728000,281.020000,281.170000,0
20101201 043734000,281.080000,281.230000,0
20101201 043737000,281.090000,281.240000,0
20101201 043749000,281.080000,281.230000,0
20101201 043804000,281.090000,281.240000,0
20101201 043804000,281.080000,281.230000,0
20101201 043816000,281.090000,281.240000,0
20101201 043823000,281.100000,281.250000,0
20101201 043848000,281.090000,281.240000,0
20101201 043849000,281.100000,281.250000,0
20101201 043850000,281.090000,281.240000,0
20101201 043851000,281.100000,281.250000,0
20101201 043851000,281.090000,281.240000,0
20101201 043852000,281.100000,281.250000,0
20101201 043853000,281.090000,281.240000,0
20101201 043855000,281.080000,281.230000,0
20101201 043856000,281.090000,281.240000,0
20101201 043856000,281.080000,281.230000,0
20101201 043857000,281.090000,281.240000,0
20101201 043857000,281.080000,281.230000,0
20101201 043858000,281.090000,281.240000,0
20101201 043859000,280.990000,281.140000,0
20101201 043859000,281.050000,281.200000,0
20101201 043901000,281.000000,281.150000,0
20101201 043902000,281.060000,281.210000,0
20101201 043903000,281.050000,281.200000,0
20101201 043903000,281.020000,281.170000,0
20101201 043903000,281.000000,281.150000,0
20101201 043905000,281.030000,281.180000,0
20101201 043906000,281.040000,281.190000,0
20101201 043907000,280.990000,281.140000,0
20101201 043909000,281.020000,281.170000,0
20101201 043912000,280.910000,281.060000,0
20101201 043913000,280.890000,281.040000,0
20101201 043913000,280.880000,281.030000,0
20101201 043914000,280.890000,281.040000,0
20101201 043914000,280.930000,281.080000,0
20101201 043916000,280.940000,281.090000,0
20101201 043948000,280.950000,281.100000,0
20101201 043949000,280.940000,281.090000,0
20101201 044022000,280.930000,281.080000,0
20101201 044024000,280.910000,281.060000,0
20101201 044026000,280.900000,281.050000,0
20101201 044031000,280.910000,281.060000,0
20101201 044031000,280.920000,281.070000,0
20101201 044032000,280.910000,281.060000,0
20101201 044033000,280.920000,281.070000,0
20101201 044034000,280.930000,281.080000,0
20101201 044040000,280.910000,281.060000,0
20101201 044042000,280.900000,281.050000,0
20101201 044043000,280.890000,281.040000,0
20101201 044044000,280.900000,281.050000,0
20101201 044044000,280.890000,281.040000,0
20101201 044048000,280.920000,281.070000,0
20101201 044050000,280.910000,281.060000,0
20101201 044052000,280.900000,281.050000,0
20101201 044058000,280.890000,281.040000,0
20101201 044108000,280.880000,281.030000,0
20101201 044117000,280.870000,281.020000,0
20101201 044117000,280.860000,281.010000,0
20101201 044118000,280.850000,281.000000,0
20101201 044120000,280.830000,280.980000,0
20101201 044127000,280.840000,280.990000,0
20101201 044128000,280.830000,280.980000,0
20101201 044133000,280.840000,280.990000,0
20101201 044138000,280.850000,281.000000,0
20101201 044139000,280.830000,280.980000,0
20101201 044215000,280.820000,280.970000,0
20101201 044218000,280.810000,280.960000,0
20101201 044219000,280.820000,280.970000,0
20101201 044219000,280.830000,280.980000,0
20101201 044222000,280.840000,280.990000,0
20101201 044223000,280.830000,280.980000,0
20101201 044224000,280.840000,280.990000,0
20101201 044224000,280.830000,280.980000,0
20101201 044225000,280.840000,280.990000,0
20101201 044302000,280.860000,281.010000,0
20101201 044302000,280.880000,281.030000,0
20101201 044338000,280.870000,281.020000,0
20101201 044338000,280.880000,281.030000,0
20101201 044339000,280.870000,281.020000,0
20101201 044339000,280.880000,281.030000,0
20101201 044341000,280.870000,281.020000,0
20101201 044341000,280.880000,281.030000,0
20101201 044342000,280.870000,281.020000,0
20101201 044348000,280.880000,281.030000,0
20101201 044356000,280.870000,281.020000,0
20101201 044430000,280.880000,281.030000,0
20101201 044521000,280.870000,281.020000,0
20101201 044528000,280.860000,281.010000,0
20101201 044528000,280.850000,281.000000,0
20101201 044541000,280.840000,280.990000,0
20101201 044550000,280.830000,280.980000,0
20101201 044551000,280.820000,280.970000,0
20101201 044552000,280.810000,280.960000,0
20101201 044552000,280.820000,280.970000,0
20101201 044553000,280.810000,280.960000,0
20101201 044554000,280.800000,280.950000,0
20101201 044615000,280.820000,280.970000,0
20101201 044616000,280.810000,280.960000,0
20101201 044617000,280.800000,280.950000,0
20101201 044618000,280.810000,280.960000,0
20101201 044619000,280.730000,280.880000,0
20101201 044620000,280.720000,280.870000,0
20101201 044621000,280.710000,280.860000,0
20101201 044623000,280.720000,280.870000,0
20101201 044623000,280.750000,280.900000,0
20101201 044624000,280.740000,280.890000,0
20101201 044625000,280.730000,280.880000,0
20101201 044626000,280.740000,280.890000,0
20101201 044626000,280.730000,280.880000,0
20101201 044627000,280.740000,280.890000,0
20101201 044628000,280.730000,280.880000,0
20101201 044646000,280.740000,280.890000,0
20101201 044647000,280.730000,280.880000,0
20101201 044648000,280.740000,280.890000,0
20101201 044713000,280.760000,280.910000,0
20101201 044714000,280.770000,280.920000,0
20101201 044715000,280.780000,280.930000,0
20101201 044716000,280.770000,280.920000,0
20101201 044718000,280.780000,280.930000,0
20101201 044721000,280.770000,280.920000,0
20101201 044733000,280.780000,280.930000,0
20101201 044734000,280.770000,280.920000,0
20101201 044737000,280.780000,280.930000,0
20101201 044737000,280.770000,280.920000,0
20101201 044742000,280.780000,280.930000,0
20101201 044747000,280.770000,280.920000,0
20101201 044748000,280.790000,280.940000,0
20101201 044749000,280.800000,280.950000,0
20101201 044750000,280.780000,280.930000,0
20101201 044755000,280.790000,280.940000,0
20101201 044756000,280.780000,280.930000,0
20101201 044756000,280.790000,280.940000,0
20101201 044757000,280.780000,280.930000,0
20101201 044800000,280.790000,280.940000,0
20101201 044802000,280.780000,280.930000,0
20101201 044803000,280.770000,280.920000,0
20101201 044804000,280.780000,280.930000,0
20101201 044806000,280.790000,280.940000,0
20101201 044807000,280.780000,280.930000,0
20101201 044812000,280.770000,280.920000,0
20101201 044832000,280.780000,280.930000,0
20101201 044836000,280.790000,280.940000,0
20101201 044850000,280.800000,280.950000,0
20101201 044904000,280.810000,280.960000,0
20101201 044907000,280.800000,280.950000,0
20101201 044920000,280.810000,280.960000,0
20101201 044933000,280.830000,280.980000,0
20101201 044934000,280.840000,280.990000,0
20101201 044935000,280.830000,280.980000,0
20101201 044944000,280.840000,280.990000,0
20101201 044956000,280.850000,281.000000,0
20101201 045038000,280.840000,280.990000,0
20101201 045043000,280.850000,281.000000,0
20101201 045234000,280.860000,281.010000,0
20101201 045343000,280.850000,281.000000,0
20101201 045405000,280.840000,280.990000,0
20101201 045406000,280.850000,281.000000,0
20101201 045410000,280.860000,281.010000,0
20101201 045411000,280.850000,281.000000,0
20101201 045412000,280.860000,281.010000,0
20101201 045413000,280.850000,281.000000,0
20101201 045424000,280.650000,280.800000,0
20101201 045428000,280.720000,280.870000,0
20101201 045428000,280.750000,280.900000,0
20101201 045443000,280.740000,280.890000,0
20101201 045444000,280.750000,280.900000,0
20101201 045530000,280.740000,280.890000,0
20101201 045534000,280.750000,280.900000,0
20101201 045535000,280.740000,280.890000,0
20101201 045547000,280.730000,280.880000,0
20101201 045550000,280.720000,280.870000,0
20101201 045550000,280.710000,280.860000,0
20101201 045558000,280.700000,280.850000,0
20101201 045559000,280.690000,280.840000,0
20101201 045608000,280.700000,280.850000,0
20101201 045608000,280.710000,280.860000,0
20101201 045609000,280.700000,280.850000,0
20101201 045610000,280.690000,280.840000,0
20101201 045610000,280.700000,280.850000,0
20101201 045612000,280.710000,280.860000,0
20101201 045613000,280.700000,280.850000,0
20101201 045614000,280.710000,280.860000,0
20101201 045617000,280.700000,280.850000,0
20101201 045626000,280.670000,280.820000,0
20101201 045626000,280.680000,280.830000,0
20101201 045627000,280.670000,280.820000,0
20101201 045628000,280.660000,280.810000,0
20101201 045648000,280.650000,280.800000,0
20101201 045648000,280.640000,280.790000,0
20101201 045649000,280.610000,280.760000,0
20101201 045649000,280.600000,280.750000,0
20101201 045658000,280.410000,280.560000,0
20101201 045658000,280.400000,280.550000,0
20101201 045701000,280.370000,280.520000,0
20101201 045723000,280.380000,280.530000,0
20101201 045724000,280.400000,280.550000,0
20101201 045728000,280.470000,280.620000,0
20101201 045729000,280.390000,280.540000,0
20101201 045736000,280.400000,280.550000,0
20101201 045755000,280.410000,280.560000,0
20101201 045755000,280.440000,280.590000,0
20101201 045759000,280.410000,280.560000,0
20101201 045759000,280.400000,280.550000,0
20101201 045814000,280.410000,280.560000,0
20101201 045815000,280.420000,280.570000,0
20101201 045816000,280.430000,280.580000,0
20101201 045834000,280.460000,280.610000,0
20101201 045834000,280.450000,280.600000,0
20101201 045836000,280.480000,280.630000,0
20101201 045836000,280.520000,280.670000,0
20101201 045837000,280.610000,280.760000,0
20101201 045840000,280.660000,280.810000,0
20101201 045842000,280.650000,280.800000,0
20101201 045843000,280.630000,280.780000,0
20101201 045846000,280.620000,280.770000,0
20101201 045847000,280.630000,280.780000,0
20101201 045848000,280.640000,280.790000,0
20101201 045849000,280.650000,280.800000,0
20101201 045849000,280.580000,280.730000,0
20101201 045850000,280.550000,280.700000,0
20101201 045850000,280.540000,280.690000,0
20101201 045851000,280.560000,280.710000,0
20101201 045852000,280.610000,280.760000,0
20101201 045853000,280.650000,280.800000,0
20101201 045854000,280.660000,280.810000,0
20101201 045855000,280.670000,280.820000,0
20101201 045856000,280.660000,280.810000,0
20101201 045908000,280.640000,280.790000,0
20101201 045908000,280.630000,280.780000,0
20101201 045910000,280.640000,280.790000,0
20101201 045914000,280.630000,280.780000,0
20101201 045916000,280.620000,280.770000,0
20101201 045927000,280.610000,280.760000,0
20101201 045929000,280.620000,280.770000,0
20101201 045930000,280.610000,280.760000,0
20101201 045932000,280.620000,280.770000,0
20101201 045938000,280.580000,280.730000,0
20101201 045941000,280.590000,280.740000,0
20101201 045941000,280.580000,280.730000,0
20101201 045947000,280.610000,280.760000,0
20101201 045948000,280.600000,280.750000,0
20101201 045950000,280.610000,280.760000,0
20101201 045951000,280.640000,280.790000,0
20101201 045952000,280.660000,280.810000,0
20101201 045953000,280.630000,280.780000,0
20101201 045957000,280.620000,280.770000,0
20101201 045959000,280.610000,280.760000,0
20101201 045959000,280.620000,280.770000,0
20101201 050001000,280.630000,280.780000,0
20101201 050001000,280.620000,280.770000,0
20101201 050006000,280.630000,280.780000,0
20101201 050008000,280.590000,280.740000,0
20101201 050008000,280.550000,280.700000,0
20101201 050018000,280.600000,280.750000,0
20101201 050032000,280.610000,280.760000,0
20101201 050039000,280.630000,280.780000,0
20101201 050045000,280.660000,280.810000,0
20101201 050046000,280.680000,280.830000,0
20101201 050046000,280.700000,280.850000,0
20101201 050047000,280.710000,280.860000,0
20101201 050051000,280.660000,280.810000,0
20101201 050052000,280.650000,280.800000,0
20101201 050106000,280.600000,280.750000,0
20101201 050110000,280.630000,280.780000,0
20101201 050111000,280.600000,280.750000,0
20101201 050111000,280.610000,280.760000,0
20101201 050117000,280.590000,280.740000,0
20101201 050118000,280.580000,280.730000,0
20101201 050122000,280.570000,280.720000,0
20101201 050123000,280.580000,280.730000,0
20101201 050213000,280.570000,280.720000,0
20101201 050218000,280.580000,280.730000,0
20101201 050219000,280.590000,280.740000,0
20101201 050220000,280.600000,280.750000,0
20101201 050223000,280.590000,280.740000,0
20101201 050224000,280.580000,280.730000,0
20101201 050234000,280.570000,280.720000,0
20101201 050235000,280.560000,280.710000,0
20101201 050236000,280.570000,280.720000,0
20101201 050246000,280.580000,280.730000,0
20101201 050249000,280.590000,280.740000,0
20101201 050258000,280.580000,280.730000,0
20101201 050259000,280.590000,280.740000,0
20101201 050301000,280.580000,280.730000,0
20101201 050304000,280.570000,280.720000,0
20101201 050306000,280.580000,280.730000,0
20101201 050325000,280.590000,280.740000,0
20101201 050330000,280.580000,280.730000,0
20101201 050330000,280.590000,280.740000,0
20101201 050332000,280.580000,280.730000,0
20101201 050332000,280.590000,280.740000,0
20101201 050346000,280.580000,280.730000,0
20101201 050347000,280.570000,280.720000,0
20101201 050349000,280.580000,280.730000,0
20101201 050352000,280.570000,280.720000,0
20101201 050353000,280.580000,280.730000,0
20101201 050353000,280.570000,280.720000,0
20101201 050401000,280.580000,280.730000,0
20101201 050404000,280.590000,280.740000,0
20101201 050404000,280.580000,280.730000,0
20101201 050415000,280.590000,280.740000,0
20101201 050422000,280.580000,280.730000,0
20101201 050422000,280.590000,280.740000,0
20101201 050423000,280.580000,280.730000,0
20101201 050425000,280.590000,280.740000,0
20101201 050431000,280.580000,280.730000,0
20101201 050447000,280.590000,280.740000,0
20101201 050448000,280.580000,280.730000,0
20101201 050502000,280.550000,280.700000,0
20101201 050502000,280.540000,280.690000,0
20101201 050506000,280.530000,280.680000,0
20101201 050508000,280.580000,280.730000,0
20101201 050514000,280.560000,280.710000,0
20101201 050521000,280.570000,280.720000,0
20101201 050525000,280.580000,280.730000,0
20101201 050526000,280.590000,280.740000,0
20101201 050527000,280.570000,280.720000,0
20101201 050555000,280.560000,280.710000,0
20101201 050555000,280.540000,280.690000,0
20101201 050557000,280.580000,280.730000,0
20101201 050558000,280.570000,280.720000,0
20101201 050600000,280.580000,280.730000,0
20101201 050607000,280.570000,280.720000,0
20101201 050608000,280.580000,280.730000,0
20101201 050626000,280.590000,280.740000,0
20101201 050631000,280.580000,280.730000,0
20101201 050642000,280.570000,280.720000,0
20101201 050642000,280.580000,280.730000,0
20101201 050642000,280.570000,280.720000,0
20101201 050645000,280.580000,280.730000,0
20101201 050651000,280.570000,280.720000,0
20101201 050654000,280.580000,280.730000,0
20101201 050659000,280.590000,280.740000,0
20101201 050716000,280.580000,280.730000,0
20101201 050727000,280.590000,280.740000,0
20101201 050729000,280.610000,280.760000,0
20101201 050732000,280.620000,280.770000,0
20101201 050803000,280.610000,280.760000,0
20101201 050805000,280.620000,280.770000,0
20101201 050806000,280.610000,280.760000,0
20101201 050822000,280.620000,280.770000,0
20101201 050823000,280.610000,280.760000,0
20101201 050830000,280.620000,280.770000,0
20101201 050839000,280.630000,280.780000,0
20101201 050900000,280.640000,280.790000,0
20101201 050906000,280.630000,280.780000,0
20101201 050910000,280.640000,280.790000,0
20101201 050913000,280.650000,280.800000,0
20101201 050913000,280.660000,280.810000,0
20101201 050931000,280.650000,280.800000,0
20101201 050933000,280.660000,280.810000,0
20101201 050937000,280.670000,280.820000,0
20101201 050938000,280.690000,280.840000,0
20101201 051052000,280.680000,280.830000,0
20101201 051053000,280.690000,280.840000,0
20101201 051140000,280.680000,280.830000,0
20101201 051141000,280.690000,280.840000,0
20101201 051149000,280.680000,280.830000,0
20101201 051149000,280.670000,280.820000,0
20101201 051155000,280.630000,280.780000,0
20101201 051155000,280.620000,280.770000,0
20101201 051159000,280.640000,280.790000,0
20101201 051334000,280.620000,280.770000,0
20101201 051335000,280.610000,280.760000,0
20101201 051335000,280.620000,280.770000,0
20101201 051343000,280.610000,280.760000,0
20101201 051347000,280.620000,280.770000,0
20101201 051348000,280.610000,280.760000,0
20101201 051404000,280.620000,280.770000,0
20101201 051408000,280.610000,280.760000,0
20101201 051431000,280.580000,280.730000,0
20101201 051431000,280.590000,280.740000,0
20101201 051432000,280.580000,280.730000,0
20101201 051433000,280.570000,280.720000,0
20101201 051442000,280.580000,280.730000,0
20101201 051442000,280.570000,280.720000,0
20101201 051443000,280.560000,280.710000,0
20101201 051443000,280.550000,280.700000,0
20101201 051444000,280.540000,280.690000,0
20101201 051449000,280.530000,280.680000,0
20101201 051450000,280.400000,280.550000,0
20101201 051450000,280.500000,280.650000,0
20101201 051451000,280.470000,280.620000,0
20101201 051456000,280.480000,280.630000,0
20101201 051457000,280.460000,280.610000,0
20101201 051458000,280.450000,280.600000,0
20101201 051501000,280.440000,280.590000,0
20101201 051503000,280.430000,280.580000,0
20101201 051504000,280.420000,280.570000,0
20101201 051504000,280.430000,280.580000,0
20101201 051507000,280.420000,280.570000,0
20101201 051508000,280.430000,280.580000,0
20101201 051513000,280.420000,280.570000,0
20101201 051515000,280.430000,280.580000,0
20101201 051529000,280.420000,280.570000,0
20101201 051536000,280.410000,280.560000,0
20101201 051543000,280.420000,280.570000,0
20101201 051543000,280.430000,280.580000,0
20101201 051547000,280.420000,280.570000,0
20101201 051547000,280.430000,280.580000,0
20101201 051548000,280.420000,280.570000,0
20101201 051548000,280.430000,280.580000,0
20101201 051548000,280.420000,280.570000,0
20101201 051550000,280.430000,280.580000,0
20101201 051616000,280.480000,280.630000,0
20101201 051620000,280.490000,280.640000,0
20101201 051622000,280.480000,280.630000,0
20101201 051630000,280.500000,280.650000,0
20101201 051647000,280.490000,280.640000,0
20101201 051657000,280.480000,280.630000,0
20101201 051658000,280.490000,280.640000,0
20101201 051658000,280.480000,280.630000,0
20101201 051708000,280.470000,280.620000,0
20101201 051712000,280.460000,280.610000,0
20101201 051713000,280.470000,280.620000,0
20101201 051715000,280.450000,280.600000,0
20101201 051717000,280.440000,280.590000,0
20101201 051720000,280.430000,280.580000,0
20101201 051720000,280.440000,280.590000,0
20101201 051724000,280.420000,280.570000,0
20101201 051743000,280.430000,280.580000,0
20101201 051744000,280.420000,280.570000,0
20101201 051746000,280.430000,280.580000,0
20101201 051748000,280.420000,280.570000,0
20101201 051751000,280.430000,280.580000,0
20101201 051752000,280.420000,280.570000,0
20101201 051755000,280.430000,280.580000,0
20101201 051906000,280.380000,280.530000,0
20101201 051912000,280.290000,280.440000,0
20101201 051914000,280.280000,280.430000,0
20101201 051915000,280.360000,280.510000,0
20101201 051917000,280.380000,280.530000,0
20101201 051921000,280.370000,280.520000,0
20101201 051924000,280.380000,280.530000,0
20101201 051927000,280.390000,280.540000,0
20101201 051934000,280.380000,280.530000,0
20101201 051936000,280.410000,280.560000,0
20101201 051938000,280.400000,280.550000,0
20101201 051939000,280.410000,280.560000,0
20101201 051940000,280.400000,280.550000,0
20101201 051941000,280.410000,280.560000,0
20101201 051950000,280.390000,280.540000,0
20101201 051951000,280.400000,280.550000,0
20101201 051951000,280.410000,280.560000,0
20101201 052034000,280.420000,280.570000,0
20101201 052038000,280.410000,280.560000,0
20101201 052041000,280.420000,280.570000,0
20101201 052043000,280.410000,280.560000,0
20101201 052059000,280.400000,280.550000,0
20101201 052104000,280.390000,280.540000,0
20101201 052109000,280.400000,280.550000,0
20101201 052110000,280.390000,280.540000,0
20101201 052111000,280.400000,280.550000,0
20101201 052116000,280.390000,280.540000,0
20101201 052123000,280.380000,280.530000,0
20101201 052129000,280.370000,280.520000,0
20101201 052133000,280.380000,280.530000,0
20101201 052134000,280.370000,280.520000,0
20101201 052135000,280.380000,280.530000,0
20101201 052144000,280.390000,280.540000,0
20101201 052144000,280.380000,280.530000,0
20101201 052159000,280.270000,280.420000,0
20101201 052159000,280.280000,280.430000,0
20101201 052200000,280.320000,280.470000,0
20101201 052203000,280.230000,280.380000,0
20101201 052204000,280.290000,280.440000,0
20101201 052204000,280.300000,280.450000,0
20101201 052204000,280.290000,280.440000,0
20101201 052205000,280.300000,280.450000,0
20101201 052206000,280.290000,280.440000,0
20101201 052209000,280.210000,280.360000,0
20101201 052210000,280.200000,280.350000,0
20101201 052221000,280.190000,280.340000,0
20101201 052226000,280.260000,280.410000,0
20101201 052227000,280.310000,280.460000,0
20101201 052227000,280.330000,280.480000,0
20101201 052228000,280.370000,280.520000,0
20101201 052229000,280.230000,280.380000,0
20101201 052230000,280.190000,280.340000,0
20101201 052231000,280.260000,280.410000,0
20101201 052233000,280.340000,280.490000,0
20101201 052234000,280.380000,280.530000,0
20101201 052241000,280.230000,280.380000,0
20101201 052242000,280.330000,280.480000,0
20101201 052242000,280.380000,280.530000,0
20101201 052244000,280.230000,280.380000,0
20101201 052245000,280.200000,280.350000,0
20101201 052246000,280.190000,280.340000,0
20101201 052247000,280.200000,280.350000,0
20101201 052247000,280.190000,280.340000,0
20101201 052249000,280.200000,280.350000,0
20101201 052250000,280.190000,280.340000,0
20101201 052251000,280.200000,280.350000,0
20101201 052253000,280.190000,280.340000,0
20101201 052254000,280.200000,280.350000,0
20101201 052255000,280.210000,280.360000,0
20101201 052256000,280.270000,280.420000,0
20101201 052257000,280.350000,280.500000,0
20101201 052257000,280.380000,280.530000,0
20101201 052302000,280.230000,280.380000,0
20101201 052302000,280.220000,280.370000,0
20101201 052304000,280.370000,280.520000,0
20101201 052306000,280.380000,280.530000,0
20101201 052308000,280.230000,280.380000,0
20101201 052309000,280.200000,280.350000,0
20101201 052310000,280.210000,280.360000,0
20101201 052311000,280.290000,280.440000,0
20101201 052312000,280.390000,280.540000,0
20101201 052315000,280.380000,280.530000,0
20101201 052315000,280.240000,280.390000,0
20101201 052316000,280.220000,280.370000,0
20101201 052318000,280.210000,280.360000,0
20101201 052319000,280.270000,280.420000,0
20101201 052319000,280.290000,280.440000,0
20101201 052320000,280.370000,280.520000,0
20101201 052321000,280.380000,280.530000,0
20101201 052322000,280.370000,280.520000,0
20101201 052324000,280.260000,280.410000,0
20101201 052324000,280.250000,280.400000,0
20101201 052325000,280.210000,280.360000,0
20101201 052326000,280.290000,280.440000,0
20101201 052327000,280.380000,280.530000,0
20101201 052328000,280.370000,280.520000,0
20101201 052328000,280.260000,280.410000,0
20101201 052329000,280.370000,280.520000,0
20101201 052330000,280.330000,280.480000,0
20101201 052330000,280.310000,280.460000,0
20101201 052332000,280.300000,280.450000,0
20101201 052332000,280.240000,280.390000,0
20101201 052333000,280.210000,280.360000,0
20101201 052336000,280.190000,280.340000,0
20101201 052337000,280.180000,280.330000,0
20101201 052338000,280.190000,280.340000,0
20101201 052343000,280.180000,280.330000,0
20101201 052344000,280.280000,280.430000,0
20101201 052346000,280.200000,280.350000,0
20101201 052346000,280.190000,280.340000,0
20101201 052348000,280.180000,280.330000,0
20101201 052348000,280.280000,280.430000,0
20101201 052351000,280.200000,280.350000,0
20101201 052353000,280.190000,280.340000,0
20101201 052353000,280.180000,280.330000,0
20101201 052353000,280.190000,280.340000,0
20101201 052354000,280.180000,280.330000,0
20101201 052356000,280.280000,280.430000,0
20101201 052358000,280.190000,280.340000,0
20101201 052359000,280.180000,280.330000,0
20101201 052403000,280.260000,280.410000,0
20101201 052403000,280.280000,280.430000,0
20101201 052406000,280.200000,280.350000,0
20101201 052406000,280.190000,280.340000,0
20101201 052407000,280.180000,280.330000,0
20101201 052407000,280.260000,280.410000,0
20101201 052407000,280.280000,280.430000,0
20101201 052409000,280.290000,280.440000,0
20101201 052411000,280.210000,280.360000,0
20101201 052412000,280.190000,280.340000,0
20101201 052414000,280.270000,280.420000,0
20101201 052414000,280.290000,280.440000,0
20101201 052415000,280.300000,280.450000,0
20101201 052417000,280.200000,280.350000,0
20101201 052417000,280.180000,280.330000,0
20101201 052418000,280.260000,280.410000,0
20101201 052420000,280.280000,280.430000,0
20101201 052421000,280.200000,280.350000,0
20101201 052421000,280.190000,280.340000,0
20101201 052422000,280.200000,280.350000,0
20101201 052422000,280.190000,280.340000,0
20101201 052422000,280.260000,280.410000,0
20101201 052424000,280.280000,280.430000,0
20101201 052425000,280.200000,280.350000,0
20101201 052426000,280.190000,280.340000,0
20101201 052428000,280.180000,280.330000,0
20101201 052429000,280.190000,280.340000,0
20101201 052429000,280.280000,280.430000,0
20101201 052431000,280.290000,280.440000,0
20101201 052432000,280.300000,280.450000,0
20101201 052437000,280.190000,280.340000,0
20101201 052437000,280.180000,280.330000,0
20101201 052438000,280.170000,280.320000,0
20101201 052455000,280.160000,280.310000,0
20101201 052502000,280.170000,280.320000,0
20101201 052510000,280.140000,280.290000,0
20101201 052528000,280.130000,280.280000,0
20101201 052531000,280.110000,280.260000,0
20101201 052538000,280.170000,280.320000,0
20101201 052539000,280.200000,280.350000,0
20101201 052539000,280.230000,280.380000,0
20101201 052541000,280.220000,280.370000,0
20101201 052541000,280.230000,280.380000,0
20101201 052543000,280.250000,280.400000,0
20101201 052617000,280.200000,280.350000,0
20101201 052617000,280.190000,280.340000,0
20101201 052630000,280.220000,280.370000,0
20101201 052630000,280.250000,280.400000,0
20101201 052635000,280.190000,280.340000,0
20101201 052636000,280.180000,280.330000,0
20101201 052638000,280.190000,280.340000,0
20101201 052641000,280.200000,280.350000,0
20101201 052658000,280.190000,280.340000,0
20101201 052659000,280.200000,280.350000,0
20101201 052659000,280.190000,280.340000,0
20101201 052709000,280.180000,280.330000,0
20101201 052718000,280.190000,280.340000,0
20101201 052736000,280.180000,280.330000,0
20101201 052752000,280.150000,280.300000,0
20101201 052752000,280.140000,280.290000,0
20101201 052847000,280.130000,280.280000,0
20101201 052848000,280.110000,280.260000,0
20101201 052853000,280.120000,280.270000,0
20101201 052853000,280.140000,280.290000,0
20101201 052857000,280.130000,280.280000,0
20101201 052857000,280.080000,280.230000,0
20101201 052858000,280.090000,280.240000,0
20101201 052858000,280.100000,280.250000,0
20101201 052913000,280.090000,280.240000,0
20101201 052917000,280.080000,280.230000,0
20101201 052918000,280.090000,280.240000,0
20101201 052926000,280.080000,280.230000,0
20101201 052927000,280.090000,280.240000,0
20101201 052936000,280.080000,280.230000,0
20101201 052947000,280.090000,280.240000,0
20101201 052947000,280.080000,280.230000,0
20101201 053007000,280.110000,280.260000,0
20101201 053010000,280.100000,280.250000,0
20101201 053010000,280.110000,280.260000,0
20101201 053110000,280.100000,280.250000,0
20101201 053114000,280.110000,280.260000,0
20101201 053115000,280.100000,280.250000,0
20101201 053115000,280.110000,280.260000,0
20101201 053143000,280.070000,280.220000,0
20101201 053143000,280.020000,280.170000,0
