20110301 000000000,270.930000,271.080000,0
20110301 000055000,270.910000,271.060000,0
20110301 000055000,270.930000,271.080000,0
20110301 000055000,270.910000,271.060000,0
20110301 000057000,270.930000,271.080000,0
20110301 000122000,270.910000,271.060000,0
20110301 000123000,270.930000,271.080000,0
20110301 000128000,270.910000,271.060000,0
20110301 000129000,270.930000,271.080000,0
20110301 000129000,270.910000,271.060000,0
20110301 000230000,270.930000,271.080000,0
20110301 000257000,270.910000,271.060000,0
20110301 000259000,270.930000,271.080000,0
20110301 000612000,270.910000,271.060000,0
20110301 000615000,270.930000,271.080000,0
20110301 000616000,270.910000,271.060000,0
20110301 000705000,270.930000,271.080000,0
20110301 000706000,270.910000,271.060000,0
20110301 000742000,270.930000,271.080000,0
20110301 000750000,270.910000,271.060000,0
20110301 000826000,270.930000,271.080000,0
20110301 001227000,270.910000,271.060000,0
20110301 001241000,270.930000,271.080000,0
20110301 001253000,270.910000,271.060000,0
20110301 001345000,270.930000,271.080000,0
20110301 001346000,270.910000,271.060000,0
20110301 001350000,270.930000,271.080000,0
20110301 001502000,270.910000,271.060000,0
20110301 001732000,270.950000,271.100000,0
20110301 001818000,270.970000,271.120000,0
20110301 002036000,270.980000,271.130000,0
20110301 002045000,270.960000,271.110000,0
20110301 002047000,270.980000,271.130000,0
20110301 002048000,270.960000,271.110000,0
20110301 002129000,270.980000,271.130000,0
20110301 002146000,270.960000,271.110000,0
20110301 002147000,270.980000,271.130000,0
20110301 002400000,270.990000,271.140000,0
20110301 002403000,270.980000,271.130000,0
20110301 002415000,270.990000,271.140000,0
20110301 002417000,270.980000,271.130000,0
20110301 002420000,270.990000,271.140000,0
20110301 002423000,270.980000,271.130000,0
20110301 002425000,270.990000,271.140000,0
20110301 002426000,270.980000,271.130000,0
20110301 002536000,270.960000,271.110000,0
20110301 002538000,270.980000,271.130000,0
20110301 002545000,270.960000,271.110000,0
20110301 002707000,270.980000,271.130000,0
20110301 002715000,270.960000,271.110000,0
20110301 002718000,270.980000,271.130000,0
20110301 003041000,270.990000,271.140000,0
20110301 003048000,270.980000,271.130000,0
20110301 003051000,270.990000,271.140000,0
20110301 003052000,270.980000,271.130000,0
20110301 003122000,270.990000,271.140000,0
20110301 003128000,270.980000,271.130000,0
20110301 003130000,270.990000,271.140000,0
20110301 003132000,270.980000,271.130000,0
20110301 003419000,270.990000,271.140000,0
20110301 003420000,270.980000,271.130000,0
20110301 003457000,270.990000,271.140000,0
20110301 003648000,270.980000,271.130000,0
20110301 003648000,270.990000,271.140000,0
20110301 003703000,270.980000,271.130000,0
20110301 003703000,270.990000,271.140000,0
20110301 003703000,270.980000,271.130000,0
20110301 003706000,270.990000,271.140000,0
20110301 003720000,270.980000,271.130000,0
20110301 003721000,270.990000,271.140000,0
20110301 003742000,270.980000,271.130000,0
20110301 003800000,270.990000,271.140000,0
20110301 003829000,270.980000,271.130000,0
20110301 004000000,270.990000,271.140000,0
20110301 004001000,270.980000,271.130000,0
20110301 004002000,270.990000,271.140000,0
20110301 004005000,270.980000,271.130000,0
20110301 004048000,270.990000,271.140000,0
20110301 004048000,270.980000,271.130000,0
20110301 004048000,270.990000,271.140000,0
20110301 004052000,270.980000,271.130000,0
20110301 004053000,270.990000,271.140000,0
20110301 004056000,270.980000,271.130000,0
20110301 004123000,270.990000,271.140000,0
20110301 004124000,270.980000,271.130000,0
20110301 004226000,270.960000,271.110000,0
20110301 004231000,270.980000,271.130000,0
20110301 004239000,270.960000,271.110000,0
20110301 004244000,270.970000,271.120000,0
20110301 004255000,270.950000,271.100000,0
20110301 004302000,270.930000,271.080000,0
20110301 004322000,270.950000,271.100000,0
20110301 004324000,270.930000,271.080000,0
20110301 004327000,270.950000,271.100000,0
20110301 004328000,270.930000,271.080000,0
20110301 004455000,270.910000,271.060000,0
20110301 004455000,270.930000,271.080000,0
20110301 004456000,270.910000,271.060000,0
20110301 004505000,270.930000,271.080000,0
20110301 004508000,270.910000,271.060000,0
20110301 004619000,270.930000,271.080000,0
20110301 004810000,270.950000,271.100000,0
20110301 004814000,270.930000,271.080000,0
20110301 004814000,270.950000,271.100000,0
20110301 004816000,270.930000,271.080000,0
20110301 004821000,270.950000,271.100000,0
20110301 004821000,270.930000,271.080000,0
20110301 005024000,270.910000,271.060000,0
20110301 005024000,270.930000,271.080000,0
20110301 005024000,270.910000,271.060000,0
20110301 005219000,270.930000,271.080000,0
20110301 005222000,270.910000,271.060000,0
20110301 005222000,270.930000,271.080000,0
20110301 005223000,270.910000,271.060000,0
20110301 005224000,270.930000,271.080000,0
20110301 005226000,270.910000,271.060000,0
20110301 005230000,270.930000,271.080000,0
20110301 005232000,270.910000,271.060000,0
20110301 005345000,270.930000,271.080000,0
20110301 005356000,270.910000,271.060000,0
20110301 005426000,270.930000,271.080000,0
20110301 005429000,270.910000,271.060000,0
20110301 005448000,270.930000,271.080000,0
20110301 005541000,270.950000,271.100000,0
20110301 005547000,270.930000,271.080000,0
20110301 005552000,270.950000,271.100000,0
20110301 005552000,270.930000,271.080000,0
20110301 005605000,270.950000,271.100000,0
20110301 005737000,270.930000,271.080000,0
20110301 010000000,270.970000,271.120000,0
20110301 011615000,270.950000,271.100000,0
20110301 011615000,270.930000,271.080000,0
20110301 011659000,270.940000,271.090000,0
20110301 011705000,270.930000,271.080000,0
20110301 012009000,270.900000,271.050000,0
20110301 012012000,270.890000,271.040000,0
20110301 012041000,270.730000,270.880000,0
20110301 012043000,270.720000,270.870000,0
20110301 013221000,270.710000,270.840000,0
20110301 013725000,270.820000,270.970000,0
20110301 013929000,270.840000,270.990000,0
20110301 013929000,270.850000,271.000000,0
20110301 014045000,270.730000,270.820000,0
20110301 014045000,270.710000,270.840000,0
20110301 014122000,270.850000,271.000000,0
20110301 014201000,270.860000,271.010000,0
20110301 014202000,270.870000,271.020000,0
20110301 014745000,270.860000,270.990000,0
20110301 015254000,270.870000,271.020000,0
20110301 015725000,270.810000,270.950000,0
20110301 015725000,270.730000,270.870000,0
20110301 015725000,270.710000,270.840000,0
20110301 015726000,270.700000,270.850000,0
20110301 015848000,270.680000,270.830000,0
20110301 015907000,270.530000,270.680000,0
20110301 015922000,270.450000,270.600000,0
20110301 015922000,270.430000,270.580000,0
20110301 015938000,270.530000,270.680000,0
20110301 015938000,270.390000,270.540000,0
20110301 015939000,270.380000,270.530000,0
20110301 015943000,270.300000,270.450000,0
20110301 015943000,270.280000,270.430000,0
20110301 015948000,270.200000,270.350000,0
20110301 015950000,270.180000,270.330000,0
20110301 015955000,270.170000,270.320000,0
20110301 020000000,270.190000,270.340000,0
20110301 020039000,270.200000,270.350000,0
20110301 020041000,270.190000,270.340000,0
20110301 020047000,270.200000,270.350000,0
20110301 020047000,270.190000,270.340000,0
20110301 020048000,270.160000,270.310000,0
20110301 020049000,270.150000,270.300000,0
20110301 020054000,270.110000,270.240000,0
20110301 020054000,270.100000,270.230000,0
20110301 020055000,270.080000,270.230000,0
20110301 020056000,270.090000,270.240000,0
20110301 020056000,270.080000,270.230000,0
20110301 020104000,270.060000,270.210000,0
20110301 020109000,270.030000,270.180000,0
20110301 020110000,270.040000,270.190000,0
20110301 020121000,270.020000,270.160000,0
20110301 020121000,270.010000,270.160000,0
20110301 020122000,270.020000,270.140000,0
20110301 020124000,270.000000,270.120000,0
20110301 020125000,270.010000,270.100000,0
20110301 020208000,270.050000,270.130000,0
20110301 020208000,270.080000,270.170000,0
20110301 020331000,270.150000,270.240000,0
20110301 020332000,270.140000,270.250000,0
20110301 020339000,270.120000,270.230000,0
20110301 020342000,270.140000,270.250000,0
20110301 020342000,270.110000,270.230000,0
20110301 020343000,270.120000,270.220000,0
20110301 020642000,270.010000,270.100000,0
20110301 020646000,269.960000,270.050000,0
20110301 020650000,269.890000,269.990000,0
20110301 020650000,269.850000,269.950000,0
20110301 020651000,269.840000,269.970000,0
20110301 020652000,269.910000,270.060000,0
20110301 020652000,269.850000,270.000000,0
20110301 020653000,269.860000,270.010000,0
20110301 020709000,269.930000,270.080000,0
20110301 020712000,269.970000,270.120000,0
20110301 020721000,269.890000,270.030000,0
20110301 020721000,269.890000,270.010000,0
20110301 020731000,269.900000,270.050000,0
20110301 020731000,269.930000,270.080000,0
20110301 020737000,270.030000,270.180000,0
20110301 020810000,270.010000,270.160000,0
20110301 020810000,270.000000,270.150000,0
20110301 020811000,270.010000,270.140000,0
20110301 020816000,270.030000,270.150000,0
20110301 020817000,270.030000,270.170000,0
20110301 020820000,269.990000,270.130000,0
20110301 020820000,269.930000,270.070000,0
20110301 020821000,269.930000,270.080000,0
20110301 020849000,269.870000,270.020000,0
20110301 020855000,269.910000,270.060000,0
20110301 020855000,269.930000,270.080000,0
20110301 020952000,269.940000,270.090000,0
20110301 020957000,269.930000,270.080000,0
20110301 021008000,269.940000,270.090000,0
20110301 021009000,269.930000,270.080000,0
20110301 021051000,269.950000,270.100000,0
20110301 021052000,269.960000,270.110000,0
20110301 021057000,269.970000,270.120000,0
20110301 021201000,269.980000,270.130000,0
20110301 021201000,269.970000,270.120000,0
20110301 021201000,269.980000,270.130000,0
20110301 021219000,270.030000,270.180000,0
20110301 021241000,270.040000,270.190000,0
20110301 021342000,270.090000,270.240000,0
20110301 021342000,270.130000,270.280000,0
20110301 021345000,270.070000,270.220000,0
20110301 021345000,270.090000,270.240000,0
20110301 021346000,270.080000,270.230000,0
20110301 021348000,270.070000,270.220000,0
20110301 021348000,270.130000,270.280000,0
20110301 021351000,270.140000,270.290000,0
20110301 021425000,270.130000,270.280000,0
20110301 021425000,270.140000,270.290000,0
20110301 021436000,270.130000,270.280000,0
20110301 021436000,270.140000,270.290000,0
20110301 021436000,270.130000,270.280000,0
20110301 021438000,270.140000,270.290000,0
20110301 021438000,270.130000,270.280000,0
20110301 021444000,270.140000,270.290000,0
20110301 021444000,270.130000,270.280000,0
20110301 021445000,270.140000,270.290000,0
20110301 021445000,270.130000,270.280000,0
20110301 021539000,270.180000,270.330000,0
20110301 021558000,270.230000,270.380000,0
20110301 021608000,270.440000,270.590000,0
20110301 021609000,270.450000,270.600000,0
20110301 021807000,270.470000,270.620000,0
20110301 021820000,270.450000,270.600000,0
20110301 021829000,270.410000,270.560000,0
20110301 021830000,270.350000,270.500000,0
20110301 021831000,270.330000,270.480000,0
20110301 021838000,270.440000,270.590000,0
20110301 021838000,270.450000,270.600000,0
20110301 021941000,270.470000,270.620000,0
20110301 022044000,270.460000,270.610000,0
20110301 022046000,270.470000,270.600000,0
20110301 022057000,270.460000,270.590000,0
20110301 022059000,270.470000,270.590000,0
20110301 022317000,270.490000,270.610000,0
20110301 022318000,270.480000,270.610000,0
20110301 022325000,270.460000,270.590000,0
20110301 022326000,270.470000,270.590000,0
20110301 022335000,270.490000,270.610000,0
20110301 022337000,270.480000,270.610000,0
20110301 022439000,270.380000,270.510000,0
20110301 022440000,270.400000,270.490000,0
20110301 022440000,270.270000,270.370000,0
20110301 022441000,270.330000,270.430000,0
20110301 022441000,270.250000,270.400000,0
20110301 022509000,270.280000,270.430000,0
20110301 022510000,270.330000,270.480000,0
20110301 022525000,270.280000,270.430000,0
20110301 022527000,270.330000,270.480000,0
20110301 022527000,270.280000,270.430000,0
20110301 022529000,270.270000,270.420000,0
20110301 022530000,270.280000,270.430000,0
20110301 022533000,270.270000,270.420000,0
20110301 022536000,270.260000,270.410000,0
20110301 022544000,270.250000,270.400000,0
20110301 022558000,270.250000,270.390000,0
20110301 022606000,270.140000,270.200000,0
20110301 022606000,270.050000,270.200000,0
20110301 022607000,270.070000,270.180000,0
20110301 022610000,270.070000,270.170000,0
20110301 022610000,270.130000,270.240000,0
20110301 022610000,270.190000,270.300000,0
20110301 022611000,270.180000,270.290000,0
20110301 022611000,270.140000,270.290000,0
20110301 022613000,270.050000,270.200000,0
20110301 022614000,270.060000,270.210000,0
20110301 022621000,270.040000,270.190000,0
20110301 022624000,270.000000,270.140000,0
20110301 022624000,270.000000,270.100000,0
20110301 022639000,270.020000,270.100000,0
20110301 022639000,270.020000,270.130000,0
20110301 022639000,270.020000,270.120000,0
20110301 022640000,270.030000,270.120000,0
20110301 022643000,270.020000,270.120000,0
20110301 022644000,269.950000,270.040000,0
20110301 022645000,269.940000,270.060000,0
20110301 022648000,269.920000,270.040000,0
20110301 022648000,269.970000,270.050000,0
20110301 022649000,269.970000,270.080000,0
20110301 022649000,269.970000,270.070000,0
20110301 022649000,269.920000,270.030000,0
20110301 022650000,269.910000,270.030000,0
20110301 022652000,269.920000,270.020000,0
20110301 022654000,269.920000,270.030000,0
20110301 022654000,269.900000,270.010000,0
20110301 022655000,269.910000,270.000000,0
20110301 022706000,269.930000,270.020000,0
20110301 022712000,269.980000,270.070000,0
20110301 022713000,269.960000,270.090000,0
20110301 022738000,269.930000,270.070000,0
20110301 022840000,269.930000,270.080000,0
20110301 022841000,269.930000,270.070000,0
20110301 022857000,269.950000,270.050000,0
20110301 022857000,269.930000,270.070000,0
20110301 022907000,269.980000,270.100000,0
20110301 022908000,270.000000,270.100000,0
20110301 022912000,270.000000,270.110000,0
20110301 022912000,270.000000,270.100000,0
20110301 022912000,270.030000,270.130000,0
20110301 022917000,270.100000,270.150000,0
20110301 022918000,270.040000,270.140000,0
20110301 022918000,270.030000,270.120000,0
20110301 022918000,270.100000,270.190000,0
20110301 022919000,270.030000,270.120000,0
20110301 022921000,270.030000,270.130000,0
20110301 022922000,270.050000,270.150000,0
20110301 022925000,270.050000,270.120000,0
20110301 022926000,270.030000,270.130000,0
20110301 022928000,270.010000,270.100000,0
20110301 022931000,270.030000,270.130000,0
20110301 022943000,270.010000,270.100000,0
20110301 023042000,270.030000,270.120000,0
20110301 023053000,270.050000,270.140000,0
20110301 023125000,270.050000,270.100000,0
20110301 023127000,270.050000,270.140000,0
20110301 023135000,270.050000,270.110000,0
20110301 023136000,270.050000,270.130000,0
20110301 023138000,270.050000,270.120000,0
20110301 023140000,270.050000,270.140000,0
20110301 023154000,270.100000,270.150000,0
20110301 023157000,270.070000,270.140000,0
20110301 023157000,270.050000,270.140000,0
20110301 023205000,270.060000,270.140000,0
20110301 023207000,270.050000,270.140000,0
20110301 023207000,270.060000,270.140000,0
20110301 023221000,270.050000,270.140000,0
20110301 023221000,270.050000,270.100000,0
20110301 023223000,270.050000,270.140000,0
20110301 023226000,270.050000,270.100000,0
20110301 023238000,270.050000,270.140000,0
20110301 023242000,270.010000,270.080000,0
20110301 023243000,269.960000,270.050000,0
20110301 023250000,269.950000,270.050000,0
20110301 023255000,269.950000,270.040000,0
20110301 023258000,269.930000,270.020000,0
20110301 023301000,269.920000,270.020000,0
20110301 023403000,269.910000,270.010000,0
20110301 023647000,269.940000,270.020000,0
20110301 023649000,269.910000,270.010000,0
20110301 023710000,269.910000,270.000000,0
20110301 023716000,269.880000,269.980000,0
20110301 023716000,269.860000,269.960000,0
20110301 023717000,269.850000,269.970000,0
20110301 023718000,269.850000,269.980000,0
20110301 023720000,269.840000,269.980000,0
20110301 023721000,269.870000,270.000000,0
20110301 023723000,269.870000,270.010000,0
20110301 023725000,269.880000,270.000000,0
20110301 023736000,269.880000,269.990000,0
20110301 023739000,269.860000,269.970000,0
20110301 023740000,269.860000,269.980000,0
20110301 023747000,269.810000,269.920000,0
20110301 023748000,269.810000,269.900000,0
20110301 023752000,269.800000,269.900000,0
20110301 023754000,269.840000,269.930000,0
20110301 023754000,269.860000,269.960000,0
20110301 023755000,269.850000,269.970000,0
20110301 023809000,269.850000,269.980000,0
20110301 023809000,269.880000,270.010000,0
20110301 023809000,269.900000,270.030000,0
20110301 023810000,269.890000,270.030000,0
20110301 023832000,269.860000,270.010000,0
20110301 023835000,269.850000,270.000000,0
20110301 023836000,269.850000,269.990000,0
20110301 023837000,269.850000,270.000000,0
20110301 023837000,269.840000,269.990000,0
20110301 023838000,269.830000,269.980000,0
20110301 023847000,269.830000,269.970000,0
20110301 023904000,269.810000,269.950000,0
20110301 023905000,269.820000,269.940000,0
20110301 023936000,269.810000,269.940000,0
20110301 023937000,269.820000,269.940000,0
20110301 023938000,269.820000,269.930000,0
20110301 023939000,269.820000,269.920000,0
20110301 023939000,269.790000,269.910000,0
20110301 023953000,269.800000,269.910000,0
20110301 023953000,269.800000,269.920000,0
20110301 023955000,269.770000,269.900000,0
20110301 023956000,269.780000,269.890000,0
20110301 023959000,269.800000,269.900000,0
20110301 024010000,269.810000,269.900000,0
20110301 024014000,269.850000,269.950000,0
20110301 024014000,269.880000,269.950000,0
20110301 024016000,269.900000,269.950000,0
20110301 024017000,269.900000,270.000000,0
20110301 024020000,269.910000,270.000000,0
20110301 024034000,269.920000,270.000000,0
20110301 024038000,269.910000,269.960000,0
20110301 024052000,269.920000,269.970000,0
20110301 024054000,269.930000,270.000000,0
20110301 024147000,269.920000,270.000000,0
20110301 024147000,269.920000,269.970000,0
20110301 024149000,269.900000,269.950000,0
20110301 024149000,269.890000,269.940000,0
20110301 024153000,269.900000,269.950000,0
20110301 024153000,269.890000,269.940000,0
20110301 024155000,269.870000,269.930000,0
20110301 024155000,269.820000,269.910000,0
20110301 024157000,269.810000,269.910000,0
20110301 024159000,269.850000,269.920000,0
20110301 024200000,269.860000,269.920000,0
20110301 024202000,269.870000,269.920000,0
20110301 024336000,269.870000,269.930000,0
20110301 024425000,269.880000,269.930000,0
20110301 024431000,269.870000,269.930000,0
20110301 024433000,269.850000,269.930000,0
20110301 024443000,269.850000,269.900000,0
20110301 024449000,269.830000,269.900000,0
20110301 024449000,269.820000,269.900000,0
20110301 024450000,269.810000,269.870000,0
20110301 024451000,269.810000,269.900000,0
20110301 024452000,269.780000,269.870000,0
20110301 024500000,269.800000,269.900000,0
20110301 024515000,269.810000,269.900000,0
20110301 024517000,269.800000,269.900000,0
20110301 024534000,269.870000,269.930000,0
20110301 024536000,269.900000,269.950000,0
20110301 024538000,269.850000,269.930000,0
20110301 024538000,269.840000,269.930000,0
20110301 024539000,269.840000,269.910000,0
20110301 024539000,269.820000,269.910000,0
20110301 024621000,269.800000,269.890000,0
20110301 024622000,269.800000,269.900000,0
20110301 024622000,269.780000,269.900000,0
20110301 024906000,269.790000,269.910000,0
20110301 024916000,269.810000,269.910000,0
20110301 024923000,269.790000,269.910000,0
20110301 024926000,269.810000,269.910000,0
20110301 024927000,269.790000,269.910000,0
20110301 024930000,269.810000,269.910000,0
20110301 024943000,269.820000,269.910000,0
20110301 024943000,269.840000,269.940000,0
20110301 024944000,269.850000,269.950000,0
20110301 024944000,269.870000,269.950000,0
20110301 024945000,269.850000,269.950000,0
20110301 024945000,269.870000,269.950000,0
20110301 024952000,269.850000,269.950000,0
20110301 024953000,269.870000,269.950000,0
20110301 024953000,269.850000,269.950000,0
20110301 024955000,269.870000,269.950000,0
20110301 024956000,269.850000,269.950000,0
20110301 024956000,269.870000,269.950000,0
20110301 024957000,269.850000,269.950000,0
20110301 024958000,269.830000,269.950000,0
20110301 024958000,269.850000,269.950000,0
20110301 025000000,269.830000,269.950000,0
20110301 025004000,269.820000,269.950000,0
20110301 025004000,269.820000,269.930000,0
20110301 025008000,269.820000,269.950000,0
20110301 025008000,269.830000,269.950000,0
20110301 025009000,269.830000,269.960000,0
20110301 025011000,269.820000,269.940000,0
20110301 025012000,269.820000,269.930000,0
20110301 025013000,269.820000,269.950000,0
20110301 025014000,269.810000,269.960000,0
20110301 025015000,269.830000,269.980000,0
20110301 025017000,269.840000,269.970000,0
20110301 025021000,269.850000,269.970000,0
20110301 025022000,269.840000,269.970000,0
20110301 025035000,269.850000,269.970000,0
20110301 025036000,269.860000,269.980000,0
20110301 025112000,269.900000,269.990000,0
20110301 025123000,269.900000,269.950000,0
20110301 025328000,269.900000,270.000000,0
20110301 025411000,269.870000,269.960000,0
20110301 025411000,269.860000,269.950000,0
20110301 025413000,269.850000,269.970000,0
20110301 025415000,269.810000,269.920000,0
20110301 025416000,269.810000,269.910000,0
20110301 025417000,269.810000,269.900000,0
20110301 025419000,269.850000,269.940000,0
20110301 025419000,269.860000,269.950000,0
20110301 025420000,269.850000,269.960000,0
20110301 025435000,269.890000,270.000000,0
20110301 025436000,269.900000,270.000000,0
20110301 025438000,269.870000,269.960000,0
20110301 025438000,269.860000,269.950000,0
20110301 025439000,269.850000,269.960000,0
20110301 025441000,269.810000,269.910000,0
20110301 025442000,269.810000,269.900000,0
20110301 025447000,269.820000,269.900000,0
20110301 025449000,269.790000,269.880000,0
20110301 025459000,269.800000,269.880000,0
20110301 025501000,269.790000,269.890000,0
20110301 025505000,269.800000,269.880000,0
20110301 025505000,269.790000,269.880000,0
20110301 025507000,269.800000,269.890000,0
20110301 025508000,269.790000,269.880000,0
20110301 025518000,269.720000,269.810000,0
20110301 025518000,269.700000,269.800000,0
20110301 025520000,269.690000,269.830000,0
20110301 025520000,269.700000,269.850000,0
20110301 025522000,269.710000,269.860000,0
20110301 025523000,269.720000,269.860000,0
20110301 025530000,269.740000,269.890000,0
20110301 025530000,269.760000,269.910000,0
20110301 025531000,269.750000,269.900000,0
20110301 025535000,269.700000,269.840000,0
20110301 025535000,269.710000,269.840000,0
20110301 025537000,269.710000,269.830000,0
20110301 025545000,269.690000,269.830000,0
20110301 025646000,269.680000,269.830000,0
20110301 025653000,269.690000,269.830000,0
20110301 025653000,269.680000,269.830000,0
20110301 025704000,269.770000,269.830000,0
20110301 025704000,269.840000,269.960000,0
20110301 025704000,269.850000,270.000000,0
20110301 025705000,269.870000,270.000000,0
20110301 025707000,269.990000,270.100000,0
20110301 025708000,270.000000,270.100000,0
20110301 025708000,269.920000,270.050000,0
20110301 025708000,269.930000,270.040000,0
20110301 025709000,269.890000,269.990000,0
20110301 025709000,269.890000,270.010000,0
20110301 025709000,269.890000,270.000000,0
20110301 025710000,269.870000,270.000000,0
20110301 025710000,269.890000,270.000000,0
20110301 025713000,269.820000,269.950000,0
20110301 025713000,269.780000,269.890000,0
20110301 025714000,269.780000,269.920000,0
20110301 025714000,269.760000,269.910000,0
20110301 025714000,269.770000,269.920000,0
20110301 025715000,269.760000,269.910000,0
20110301 025715000,269.780000,269.930000,0
20110301 025716000,269.840000,269.990000,0
20110301 025716000,269.850000,270.000000,0
20110301 025718000,269.850000,269.960000,0
20110301 025718000,269.850000,269.930000,0
20110301 025719000,269.750000,269.870000,0
20110301 025719000,269.750000,269.830000,0
20110301 025720000,269.750000,269.860000,0
20110301 025724000,269.730000,269.860000,0
20110301 025725000,269.750000,269.860000,0
20110301 025734000,269.800000,269.900000,0
20110301 025734000,269.840000,269.900000,0
20110301 025736000,269.850000,269.900000,0
20110301 025751000,269.900000,270.000000,0
20110301 025754000,269.880000,269.970000,0
20110301 025754000,270.000000,270.100000,0
20110301 025754000,270.010000,270.100000,0
20110301 025756000,270.000000,270.100000,0
20110301 025756000,269.970000,270.060000,0
20110301 025757000,270.110000,270.210000,0
20110301 025758000,270.100000,270.190000,0
20110301 025758000,270.040000,270.140000,0
20110301 025759000,269.980000,270.130000,0
20110301 025759000,270.100000,270.250000,0
20110301 025759000,270.150000,270.250000,0
20110301 025800000,270.130000,270.250000,0
20110301 025801000,270.150000,270.250000,0
20110301 025801000,269.940000,270.070000,0
20110301 025801000,269.950000,270.070000,0
20110301 025802000,269.950000,270.090000,0
20110301 025802000,269.930000,270.080000,0
20110301 025804000,269.940000,270.090000,0
20110301 025804000,269.920000,270.070000,0
20110301 025804000,269.880000,270.010000,0
20110301 025805000,269.880000,270.030000,0
20110301 025806000,269.880000,270.020000,0
20110301 025808000,269.880000,270.030000,0
20110301 025808000,269.830000,269.970000,0
20110301 025809000,269.830000,269.950000,0
20110301 025809000,269.810000,269.950000,0
20110301 025810000,269.770000,269.900000,0
20110301 025814000,269.790000,269.900000,0
20110301 025814000,269.790000,269.930000,0
20110301 025822000,269.820000,269.970000,0
20110301 025823000,269.810000,269.960000,0
20110301 025824000,269.820000,269.970000,0
20110301 025824000,269.810000,269.960000,0
20110301 025827000,269.820000,269.970000,0
20110301 025827000,269.810000,269.960000,0
20110301 025828000,269.820000,269.970000,0
20110301 025833000,269.810000,269.960000,0
20110301 025835000,269.800000,269.940000,0
20110301 025858000,269.760000,269.890000,0
20110301 025859000,269.760000,269.880000,0
20110301 025900000,269.760000,269.890000,0
20110301 025900000,269.740000,269.890000,0
20110301 025901000,269.730000,269.880000,0
20110301 025901000,269.750000,269.880000,0
20110301 025902000,269.760000,269.880000,0
20110301 025908000,269.780000,269.880000,0
20110301 025908000,269.760000,269.880000,0
20110301 025911000,269.780000,269.880000,0
20110301 025914000,269.760000,269.880000,0
20110301 025955000,269.740000,269.880000,0
20110301 030110000,269.720000,269.870000,0
20110301 030249000,269.710000,269.860000,0
20110301 030250000,269.720000,269.850000,0
20110301 030257000,269.730000,269.860000,0
20110301 030414000,269.740000,269.860000,0
20110301 030713000,269.730000,269.860000,0
20110301 030723000,269.690000,269.800000,0
20110301 030724000,269.690000,269.790000,0
20110301 030725000,269.690000,269.780000,0
20110301 030737000,269.690000,269.760000,0
20110301 030742000,269.690000,269.750000,0
20110301 030746000,269.640000,269.690000,0
20110301 030747000,269.620000,269.680000,0
20110301 030747000,269.650000,269.730000,0
20110301 030747000,269.650000,269.750000,0
20110301 030757000,269.700000,269.750000,0
20110301 030817000,269.690000,269.740000,0
20110301 030833000,269.700000,269.750000,0
20110301 030833000,269.710000,269.760000,0
20110301 030933000,269.700000,269.750000,0
20110301 030934000,269.650000,269.750000,0
20110301 030939000,269.600000,269.670000,0
20110301 030941000,269.600000,269.650000,0
20110301 030945000,269.630000,269.720000,0
20110301 030947000,269.600000,269.670000,0
20110301 030949000,269.600000,269.650000,0
20110301 030950000,269.610000,269.660000,0
20110301 030959000,269.600000,269.650000,0
20110301 031000000,269.560000,269.610000,0
20110301 031001000,269.560000,269.630000,0
20110301 031001000,269.560000,269.650000,0
20110301 031004000,269.560000,269.620000,0
20110301 031032000,269.560000,269.610000,0
20110301 031044000,269.560000,269.620000,0
20110301 031046000,269.590000,269.680000,0
20110301 031046000,269.610000,269.700000,0
20110301 031124000,269.600000,269.700000,0
20110301 031126000,269.590000,269.710000,0
20110301 031147000,269.640000,269.740000,0
20110301 031148000,269.650000,269.740000,0
20110301 031159000,269.650000,269.710000,0
20110301 031159000,269.600000,269.700000,0
20110301 031200000,269.590000,269.710000,0
20110301 031210000,269.600000,269.700000,0
20110301 031224000,269.750000,269.850000,0
20110301 031225000,269.740000,269.860000,0
20110301 031229000,269.730000,269.850000,0
20110301 031230000,269.720000,269.860000,0
20110301 031230000,269.700000,269.810000,0
20110301 031231000,269.700000,269.790000,0
20110301 031233000,269.700000,269.780000,0
20110301 031235000,269.690000,269.770000,0
20110301 031235000,269.670000,269.770000,0
20110301 031241000,269.660000,269.750000,0
20110301 031310000,269.630000,269.720000,0
20110301 031504000,269.600000,269.700000,0
20110301 031504000,269.630000,269.720000,0
20110301 031506000,269.640000,269.740000,0
20110301 031507000,269.630000,269.750000,0
20110301 031508000,269.660000,269.770000,0
20110301 031508000,269.670000,269.780000,0
20110301 031509000,269.630000,269.740000,0
20110301 031509000,269.620000,269.760000,0
20110301 031510000,269.620000,269.750000,0
20110301 031631000,269.640000,269.780000,0
20110301 031631000,269.660000,269.800000,0
20110301 031633000,269.660000,269.810000,0
20110301 031635000,269.630000,269.780000,0
20110301 031639000,269.610000,269.760000,0
20110301 031642000,269.630000,269.780000,0
20110301 031647000,269.640000,269.790000,0
20110301 031648000,269.630000,269.780000,0
20110301 031648000,269.630000,269.770000,0
20110301 031649000,269.640000,269.760000,0
20110301 031817000,269.630000,269.750000,0
20110301 031839000,269.660000,269.750000,0
20110301 031839000,269.660000,269.770000,0
20110301 031909000,269.670000,269.780000,0
20110301 031910000,269.680000,269.770000,0
20110301 031917000,269.690000,269.790000,0
20110301 031923000,269.690000,269.740000,0
20110301 031923000,269.690000,269.790000,0
20110301 031926000,269.690000,269.740000,0
20110301 031927000,269.690000,269.790000,0
20110301 031932000,269.690000,269.740000,0
20110301 031932000,269.660000,269.740000,0
20110301 031932000,269.690000,269.740000,0
20110301 031933000,269.690000,269.790000,0
20110301 032003000,269.690000,269.740000,0
20110301 032005000,269.670000,269.720000,0
20110301 032009000,269.690000,269.790000,0
20110301 032015000,269.690000,269.750000,0
20110301 032021000,269.670000,269.750000,0
20110301 032021000,269.660000,269.750000,0
20110301 032026000,269.670000,269.750000,0
20110301 032101000,269.660000,269.750000,0
20110301 032103000,269.670000,269.750000,0
20110301 032104000,269.660000,269.750000,0
20110301 032258000,269.660000,269.730000,0
20110301 032305000,269.660000,269.720000,0
20110301 032307000,269.650000,269.700000,0
20110301 032307000,269.660000,269.720000,0
20110301 032308000,269.660000,269.730000,0
20110301 032310000,269.660000,269.720000,0
20110301 032312000,269.650000,269.700000,0
20110301 032314000,269.610000,269.690000,0
20110301 032318000,269.610000,269.680000,0
20110301 032320000,269.600000,269.680000,0
20110301 032321000,269.580000,269.670000,0
20110301 032321000,269.610000,269.680000,0
20110301 032445000,269.640000,269.690000,0
20110301 032459000,269.610000,269.680000,0
20110301 032459000,269.640000,269.690000,0
20110301 032533000,269.620000,269.680000,0
20110301 032534000,269.640000,269.690000,0
20110301 032539000,269.610000,269.680000,0
20110301 032539000,269.640000,269.690000,0
20110301 032559000,269.650000,269.720000,0
20110301 032642000,269.650000,269.700000,0
20110301 032654000,269.650000,269.720000,0
20110301 032700000,269.650000,269.700000,0
20110301 032719000,269.650000,269.720000,0
20110301 032719000,269.680000,269.770000,0
20110301 032803000,269.680000,269.780000,0
20110301 032804000,269.690000,269.780000,0
20110301 032856000,269.660000,269.730000,0
20110301 032856000,269.680000,269.780000,0
20110301 032859000,269.690000,269.780000,0
20110301 032906000,269.740000,269.790000,0
20110301 032907000,269.730000,269.780000,0
20110301 032953000,269.770000,269.820000,0
20110301 033001000,269.720000,269.770000,0
20110301 033001000,269.750000,269.800000,0
20110301 033002000,269.760000,269.810000,0
20110301 033003000,269.770000,269.820000,0
20110301 033025000,269.780000,269.830000,0
20110301 033025000,269.770000,269.820000,0
20110301 033026000,269.790000,269.840000,0
20110301 033027000,269.800000,269.850000,0
20110301 033035000,269.830000,269.880000,0
20110301 033036000,269.840000,269.890000,0
20110301 033037000,269.800000,269.850000,0
20110301 033037000,269.790000,269.840000,0
20110301 033038000,269.780000,269.830000,0
20110301 033038000,269.810000,269.860000,0
20110301 033039000,269.840000,269.890000,0
20110301 033039000,269.830000,269.880000,0
20110301 033040000,269.840000,269.890000,0
20110301 033041000,269.850000,269.900000,0
20110301 033045000,269.840000,269.890000,0
20110301 033045000,269.850000,269.900000,0
20110301 033047000,269.860000,269.910000,0
20110301 033050000,269.850000,269.900000,0
20110301 033053000,269.860000,269.910000,0
20110301 033055000,269.810000,269.860000,0
20110301 033055000,269.790000,269.840000,0
20110301 033056000,269.800000,269.850000,0
20110301 033058000,269.800000,269.880000,0
20110301 033059000,269.850000,269.900000,0
20110301 033100000,269.860000,269.910000,0
20110301 033101000,269.850000,269.900000,0
20110301 033103000,269.760000,269.810000,0
20110301 033106000,269.770000,269.820000,0
20110301 033107000,269.790000,269.840000,0
20110301 033108000,269.810000,269.860000,0
20110301 033109000,269.840000,269.890000,0
20110301 033110000,269.830000,269.880000,0
20110301 033110000,269.770000,269.820000,0
20110301 033111000,269.760000,269.810000,0
20110301 033114000,269.770000,269.820000,0
20110301 033115000,269.780000,269.830000,0
20110301 033116000,269.790000,269.840000,0
20110301 033118000,269.780000,269.830000,0
20110301 033122000,269.770000,269.820000,0
20110301 033122000,269.780000,269.830000,0
20110301 033123000,269.800000,269.850000,0
20110301 033124000,269.810000,269.860000,0
20110301 033125000,269.800000,269.850000,0
20110301 033126000,269.810000,269.860000,0
20110301 033127000,269.820000,269.870000,0
20110301 033128000,269.780000,269.830000,0
20110301 033128000,269.780000,269.850000,0
20110301 033129000,269.780000,269.880000,0
20110301 033129000,269.790000,269.890000,0
20110301 033131000,269.780000,269.860000,0
20110301 033131000,269.760000,269.830000,0
20110301 033132000,269.760000,269.850000,0
20110301 033136000,269.740000,269.850000,0
20110301 033136000,269.770000,269.900000,0
20110301 033137000,269.780000,269.890000,0
20110301 033137000,269.790000,269.870000,0
20110301 033137000,269.790000,269.850000,0
20110301 033145000,269.800000,269.850000,0
20110301 033150000,269.790000,269.890000,0
20110301 033150000,269.790000,269.840000,0
20110301 033151000,269.780000,269.840000,0
20110301 033152000,269.770000,269.820000,0
20110301 033208000,269.750000,269.810000,0
20110301 033210000,269.780000,269.870000,0
20110301 033219000,269.770000,269.870000,0
20110301 033223000,269.770000,269.860000,0
20110301 033231000,269.750000,269.820000,0
20110301 033233000,269.750000,269.800000,0
20110301 033241000,269.760000,269.810000,0
20110301 033242000,269.780000,269.880000,0
20110301 033243000,269.780000,269.870000,0
20110301 033253000,269.800000,269.900000,0
20110301 033254000,269.840000,269.930000,0
20110301 033254000,269.850000,269.940000,0
20110301 033255000,269.840000,269.950000,0
20110301 033256000,269.860000,269.970000,0
20110301 033256000,269.860000,269.980000,0
20110301 033257000,269.870000,269.970000,0
20110301 033344000,269.900000,269.990000,0
20110301 033346000,269.950000,270.000000,0
20110301 033350000,269.990000,270.040000,0
20110301 033350000,270.000000,270.100000,0
20110301 033411000,270.050000,270.100000,0
20110301 033422000,270.010000,270.100000,0
20110301 033446000,270.050000,270.100000,0
20110301 033447000,270.010000,270.100000,0
20110301 033450000,270.020000,270.100000,0
20110301 033457000,270.010000,270.100000,0
20110301 033457000,270.030000,270.100000,0
20110301 033504000,270.010000,270.100000,0
20110301 033509000,270.050000,270.140000,0
20110301 033509000,270.100000,270.200000,0
20110301 033516000,270.100000,270.160000,0
20110301 033516000,270.060000,270.150000,0
20110301 033517000,270.050000,270.160000,0
20110301 033517000,270.020000,270.140000,0
20110301 033519000,270.030000,270.130000,0
20110301 033520000,270.010000,270.100000,0
20110301 033522000,270.010000,270.090000,0
20110301 033552000,269.980000,270.070000,0
20110301 033608000,270.000000,270.100000,0
20110301 033620000,270.030000,270.120000,0
20110301 033747000,270.000000,270.100000,0
20110301 033800000,270.030000,270.120000,0
20110301 033835000,270.000000,270.100000,0
20110301 033840000,270.080000,270.150000,0
20110301 033842000,270.100000,270.150000,0
20110301 033845000,270.030000,270.130000,0
20110301 033845000,270.030000,270.120000,0
20110301 033848000,270.050000,270.150000,0
20110301 033853000,270.100000,270.150000,0
20110301 033859000,270.070000,270.150000,0
20110301 033900000,270.050000,270.150000,0
20110301 033913000,270.080000,270.150000,0
20110301 033913000,270.080000,270.170000,0
20110301 033921000,270.050000,270.150000,0
20110301 033924000,270.080000,270.170000,0
20110301 033935000,270.100000,270.200000,0
20110301 033935000,270.090000,270.210000,0
20110301 033938000,270.050000,270.160000,0
20110301 033939000,270.050000,270.150000,0
20110301 033942000,270.050000,270.140000,0
20110301 034040000,270.050000,270.150000,0
20110301 034154000,270.080000,270.170000,0
20110301 034157000,270.050000,270.150000,0
20110301 034202000,270.100000,270.150000,0
20110301 034203000,270.100000,270.170000,0
20110301 034203000,270.100000,270.200000,0
20110301 034243000,270.150000,270.200000,0
20110301 034251000,270.150000,270.230000,0
20110301 034251000,270.150000,270.250000,0
20110301 034252000,270.150000,270.220000,0
20110301 034253000,270.130000,270.220000,0
20110301 034255000,270.150000,270.250000,0
20110301 034304000,270.150000,270.200000,0
20110301 034308000,270.150000,270.230000,0
20110301 034308000,270.150000,270.250000,0
20110301 034427000,270.160000,270.250000,0
20110301 034454000,270.150000,270.250000,0
20110301 034516000,270.190000,270.250000,0
20110301 034517000,270.190000,270.280000,0
20110301 034517000,270.240000,270.330000,0
20110301 034517000,270.210000,270.350000,0
20110301 034602000,270.200000,270.350000,0
20110301 034607000,270.220000,270.350000,0
20110301 034846000,270.200000,270.350000,0
20110301 034852000,270.220000,270.350000,0
20110301 034853000,270.210000,270.350000,0
20110301 034929000,270.200000,270.350000,0
20110301 034934000,270.180000,270.330000,0
20110301 034937000,270.150000,270.300000,0
20110301 035038000,270.130000,270.280000,0
20110301 035050000,270.150000,270.300000,0
20110301 035117000,270.110000,270.260000,0
20110301 035118000,270.100000,270.250000,0
20110301 035118000,270.110000,270.240000,0
20110301 035125000,270.160000,270.290000,0
20110301 035126000,270.150000,270.300000,0
20110301 035313000,270.180000,270.330000,0
20110301 035449000,270.200000,270.330000,0
20110301 035450000,270.200000,270.350000,0
20110301 035451000,270.210000,270.340000,0
20110301 035455000,270.190000,270.310000,0
20110301 035456000,270.190000,270.300000,0
20110301 035456000,270.160000,270.290000,0
20110301 035457000,270.150000,270.300000,0
20110301 035510000,270.180000,270.330000,0
20110301 035754000,270.150000,270.300000,0
20110301 035755000,270.160000,270.290000,0
20110301 035759000,270.140000,270.260000,0
20110301 035800000,270.130000,270.270000,0
20110301 035826000,270.100000,270.220000,0
20110301 035826000,270.100000,270.200000,0
20110301 035858000,270.110000,270.200000,0
20110301 035901000,270.100000,270.200000,0
20110301 035909000,270.110000,270.200000,0
20110301 035928000,270.110000,270.160000,0
20110301 035928000,270.100000,270.150000,0
20110301 035929000,270.100000,270.200000,0
20110301 035929000,270.110000,270.200000,0
20110301 035941000,270.140000,270.230000,0
20110301 035941000,270.150000,270.250000,0
20110301 035943000,270.140000,270.260000,0
20110301 035946000,270.110000,270.190000,0
20110301 035946000,270.130000,270.250000,0
20110301 035946000,270.140000,270.260000,0
20110301 035954000,270.170000,270.290000,0
20110301 035956000,270.170000,270.280000,0
20110301 040001000,270.140000,270.260000,0
20110301 040026000,270.160000,270.290000,0
20110301 040027000,270.150000,270.300000,0
20110301 040046000,270.150000,270.280000,0
20110301 040051000,270.150000,270.260000,0
20110301 040106000,270.150000,270.280000,0
20110301 040106000,270.150000,270.260000,0
20110301 040107000,270.150000,270.280000,0
20110301 040107000,270.150000,270.260000,0
20110301 040112000,270.150000,270.280000,0
20110301 040112000,270.150000,270.260000,0
20110301 040114000,270.150000,270.280000,0
20110301 040123000,270.150000,270.260000,0
20110301 040123000,270.150000,270.280000,0
20110301 040124000,270.150000,270.260000,0
20110301 040124000,270.150000,270.280000,0
20110301 040124000,270.150000,270.260000,0
20110301 040124000,270.150000,270.280000,0
20110301 040126000,270.150000,270.260000,0
20110301 040131000,270.150000,270.240000,0
20110301 040132000,270.150000,270.260000,0
20110301 040142000,270.150000,270.240000,0
20110301 040142000,270.150000,270.260000,0
20110301 040153000,270.150000,270.280000,0
20110301 040154000,270.150000,270.260000,0
20110301 040156000,270.150000,270.280000,0
20110301 040158000,270.150000,270.260000,0
20110301 040158000,270.150000,270.280000,0
20110301 040216000,270.100000,270.250000,0
20110301 040217000,270.110000,270.240000,0
20110301 040237000,270.150000,270.250000,0
20110301 040238000,270.160000,270.260000,0
20110301 040238000,270.160000,270.280000,0
20110301 040239000,270.150000,270.280000,0
20110301 040239000,270.150000,270.300000,0
20110301 040240000,270.150000,270.280000,0
20110301 040242000,270.150000,270.300000,0
20110301 040248000,270.150000,270.280000,0
20110301 040248000,270.150000,270.300000,0
20110301 040249000,270.150000,270.280000,0
20110301 040316000,270.150000,270.300000,0
20110301 040327000,270.150000,270.280000,0
20110301 040330000,270.150000,270.300000,0
20110301 040423000,270.130000,270.280000,0
20110301 040432000,270.150000,270.300000,0
20110301 040433000,270.180000,270.330000,0
20110301 040436000,270.200000,270.350000,0
20110301 040436000,270.200000,270.340000,0
20110301 040448000,270.200000,270.320000,0
20110301 040448000,270.200000,270.340000,0
20110301 040525000,270.160000,270.290000,0
20110301 040526000,270.160000,270.300000,0
20110301 040527000,270.150000,270.300000,0
20110301 040528000,270.160000,270.300000,0
20110301 040528000,270.150000,270.300000,0
20110301 040528000,270.160000,270.300000,0
20110301 040530000,270.120000,270.230000,0
20110301 040530000,270.100000,270.200000,0
20110301 040536000,270.070000,270.180000,0
20110301 040539000,270.090000,270.180000,0
20110301 040539000,270.070000,270.180000,0
20110301 040541000,270.090000,270.180000,0
20110301 040542000,270.070000,270.180000,0
20110301 040543000,270.090000,270.180000,0
20110301 040544000,270.070000,270.180000,0
20110301 040544000,270.090000,270.180000,0
20110301 040548000,270.070000,270.180000,0
20110301 040841000,270.100000,270.210000,0
20110301 040841000,270.140000,270.250000,0
20110301 040842000,270.120000,270.250000,0
20110301 040938000,270.110000,270.250000,0
20110301 040942000,270.150000,270.300000,0
20110301 041029000,270.160000,270.300000,0
20110301 041043000,270.180000,270.300000,0
20110301 041046000,270.160000,270.300000,0
20110301 041120000,270.180000,270.300000,0
20110301 041121000,270.160000,270.300000,0
20110301 041129000,270.180000,270.300000,0
20110301 041141000,270.160000,270.300000,0
20110301 041143000,270.180000,270.300000,0
20110301 041143000,270.160000,270.300000,0
20110301 041149000,270.180000,270.300000,0
20110301 041149000,270.160000,270.300000,0
20110301 041152000,270.180000,270.300000,0
20110301 041217000,270.160000,270.300000,0
20110301 041258000,270.170000,270.320000,0
20110301 041309000,270.170000,270.310000,0
20110301 041310000,270.170000,270.320000,0
20110301 041311000,270.170000,270.310000,0
20110301 041311000,270.170000,270.320000,0
20110301 041320000,270.170000,270.310000,0
20110301 041326000,270.170000,270.320000,0
20110301 041441000,270.170000,270.310000,0
20110301 041452000,270.170000,270.290000,0
20110301 041453000,270.170000,270.310000,0
20110301 041454000,270.170000,270.290000,0
20110301 041455000,270.170000,270.310000,0
20110301 041459000,270.170000,270.290000,0
20110301 041501000,270.170000,270.310000,0
20110301 041501000,270.170000,270.290000,0
20110301 041502000,270.170000,270.310000,0
20110301 041502000,270.170000,270.290000,0
20110301 041503000,270.170000,270.310000,0
20110301 041521000,270.170000,270.290000,0
20110301 041523000,270.170000,270.270000,0
20110301 041524000,270.170000,270.250000,0
20110301 041526000,270.170000,270.270000,0
20110301 041530000,270.170000,270.290000,0
20110301 041533000,270.170000,270.270000,0
20110301 041536000,270.170000,270.290000,0
20110301 041537000,270.170000,270.270000,0
20110301 041539000,270.170000,270.290000,0
20110301 041541000,270.170000,270.270000,0
20110301 041545000,270.170000,270.290000,0
20110301 041547000,270.170000,270.270000,0
20110301 041549000,270.170000,270.290000,0
20110301 041552000,270.170000,270.270000,0
20110301 041609000,270.170000,270.290000,0
20110301 041618000,270.170000,270.270000,0
20110301 041620000,270.170000,270.290000,0
20110301 041639000,270.170000,270.310000,0
20110301 041640000,270.170000,270.290000,0
20110301 041640000,270.170000,270.310000,0
20110301 041641000,270.170000,270.290000,0
20110301 041643000,270.170000,270.310000,0
20110301 041644000,270.170000,270.290000,0
20110301 041706000,270.170000,270.270000,0
20110301 041706000,270.170000,270.290000,0
20110301 041708000,270.170000,270.270000,0
20110301 041708000,270.170000,270.290000,0
20110301 041710000,270.170000,270.300000,0
20110301 041710000,270.150000,270.300000,0
20110301 041752000,270.160000,270.300000,0
20110301 041755000,270.150000,270.300000,0
20110301 041755000,270.160000,270.300000,0
20110301 041756000,270.150000,270.300000,0
20110301 041803000,270.160000,270.300000,0
20110301 041804000,270.150000,270.300000,0
20110301 041808000,270.160000,270.300000,0
20110301 041820000,270.150000,270.300000,0
20110301 041910000,270.160000,270.300000,0
20110301 041911000,270.150000,270.300000,0
20110301 041926000,270.160000,270.300000,0
20110301 041929000,270.150000,270.300000,0
20110301 041931000,270.160000,270.300000,0
20110301 041936000,270.180000,270.300000,0
20110301 041940000,270.200000,270.300000,0
20110301 041940000,270.180000,270.300000,0
20110301 041946000,270.200000,270.300000,0
20110301 041946000,270.180000,270.300000,0
20110301 041950000,270.200000,270.300000,0
20110301 041950000,270.180000,270.300000,0
20110301 042003000,270.200000,270.300000,0
20110301 042017000,270.180000,270.300000,0
20110301 042035000,270.160000,270.300000,0
20110301 042036000,270.180000,270.300000,0
20110301 042038000,270.160000,270.300000,0
20110301 042039000,270.180000,270.300000,0
20110301 042042000,270.200000,270.300000,0
20110301 042046000,270.180000,270.300000,0
20110301 042048000,270.200000,270.300000,0
20110301 042050000,270.180000,270.300000,0
20110301 042053000,270.160000,270.300000,0
20110301 042057000,270.180000,270.300000,0
20110301 042102000,270.180000,270.330000,0
20110301 042103000,270.170000,270.320000,0
20110301 042230000,270.190000,270.320000,0
20110301 042230000,270.170000,270.320000,0
20110301 042329000,270.180000,270.330000,0
20110301 042330000,270.190000,270.320000,0
20110301 042348000,270.200000,270.340000,0
20110301 042349000,270.220000,270.320000,0
20110301 042413000,270.210000,270.300000,0
20110301 042512000,270.190000,270.280000,0
20110301 042527000,270.180000,270.270000,0
20110301 042529000,270.190000,270.280000,0
20110301 042635000,270.200000,270.300000,0
20110301 042838000,270.190000,270.240000,0
20110301 042839000,270.230000,270.300000,0
20110301 042846000,270.200000,270.300000,0
20110301 042850000,270.270000,270.330000,0
20110301 042850000,270.220000,270.320000,0
20110301 042859000,270.230000,270.320000,0
20110301 042902000,270.280000,270.370000,0
20110301 042902000,270.260000,270.390000,0
20110301 042946000,270.280000,270.420000,0
20110301 042946000,270.330000,270.470000,0
20110301 042947000,270.360000,270.500000,0
20110301 042947000,270.380000,270.530000,0
20110301 042950000,270.310000,270.460000,0
20110301 042956000,270.300000,270.450000,0
20110301 043003000,270.310000,270.460000,0
20110301 043032000,270.320000,270.470000,0
20110301 043036000,270.310000,270.460000,0
20110301 043036000,270.320000,270.470000,0
20110301 043127000,270.310000,270.460000,0
20110301 043127000,270.320000,270.470000,0
20110301 043130000,270.310000,270.460000,0
20110301 043130000,270.320000,270.470000,0
20110301 043143000,270.330000,270.480000,0
20110301 043144000,270.350000,270.500000,0
20110301 043145000,270.360000,270.500000,0
20110301 043147000,270.370000,270.520000,0
20110301 043147000,270.360000,270.510000,0
20110301 043147000,270.350000,270.500000,0
20110301 043148000,270.370000,270.510000,0
20110301 043149000,270.390000,270.510000,0
20110301 043149000,270.410000,270.510000,0
20110301 043239000,270.390000,270.510000,0
20110301 043258000,270.410000,270.510000,0
20110301 043303000,270.360000,270.500000,0
20110301 043304000,270.360000,270.490000,0
20110301 043304000,270.340000,270.490000,0
20110301 043305000,270.360000,270.490000,0
20110301 043306000,270.360000,270.450000,0
20110301 043306000,270.300000,270.390000,0
20110301 043306000,270.380000,270.530000,0
20110301 043307000,270.330000,270.480000,0
20110301 043307000,270.380000,270.480000,0
20110301 043308000,270.390000,270.530000,0
20110301 043308000,270.400000,270.550000,0
20110301 043309000,270.400000,270.540000,0
20110301 043309000,270.390000,270.520000,0
20110301 043309000,270.390000,270.500000,0
20110301 043310000,270.400000,270.500000,0
20110301 043311000,270.400000,270.450000,0
20110301 043312000,270.500000,270.600000,0
20110301 043312000,270.510000,270.600000,0
20110301 043313000,270.500000,270.600000,0
20110301 043313000,270.450000,270.550000,0
20110301 043314000,270.400000,270.520000,0
20110301 043315000,270.410000,270.510000,0
20110301 043315000,270.420000,270.520000,0
20110301 043319000,270.420000,270.500000,0
20110301 043320000,270.400000,270.500000,0
20110301 043320000,270.410000,270.510000,0
20110301 043323000,270.400000,270.480000,0
20110301 043324000,270.400000,270.490000,0
20110301 043325000,270.380000,270.490000,0
20110301 043325000,270.370000,270.480000,0
20110301 043328000,270.380000,270.490000,0
20110301 043329000,270.390000,270.480000,0
20110301 043331000,270.400000,270.500000,0
20110301 043340000,270.410000,270.500000,0
20110301 043342000,270.400000,270.500000,0
20110301 043352000,270.430000,270.520000,0
20110301 043438000,270.440000,270.520000,0
20110301 043438000,270.430000,270.520000,0
20110301 043444000,270.430000,270.530000,0
20110301 043555000,270.430000,270.520000,0
20110301 043605000,270.410000,270.510000,0
20110301 043646000,270.410000,270.490000,0
20110301 043646000,270.400000,270.490000,0
20110301 043654000,270.390000,270.480000,0
20110301 043654000,270.410000,270.500000,0
20110301 043656000,270.390000,270.480000,0
20110301 043657000,270.400000,270.490000,0
20110301 043659000,270.390000,270.480000,0
20110301 043659000,270.400000,270.490000,0
20110301 043700000,270.390000,270.480000,0
20110301 043702000,270.380000,270.480000,0
20110301 043705000,270.390000,270.490000,0
20110301 043707000,270.390000,270.480000,0
20110301 043707000,270.390000,270.490000,0
20110301 043709000,270.400000,270.490000,0
20110301 043709000,270.390000,270.480000,0
20110301 043709000,270.400000,270.490000,0
20110301 043710000,270.390000,270.490000,0
20110301 043718000,270.410000,270.490000,0
20110301 043722000,270.390000,270.490000,0
20110301 043747000,270.390000,270.480000,0
20110301 043751000,270.380000,270.480000,0
20110301 043837000,270.400000,270.480000,0
20110301 043846000,270.410000,270.510000,0
20110301 043846000,270.420000,270.550000,0
20110301 043848000,270.430000,270.550000,0
20110301 043849000,270.420000,270.550000,0
20110301 043849000,270.430000,270.550000,0
20110301 043850000,270.440000,270.560000,0
20110301 043850000,270.430000,270.570000,0
20110301 043912000,270.440000,270.570000,0
20110301 043926000,270.430000,270.570000,0
20110301 043926000,270.440000,270.570000,0
20110301 043929000,270.430000,270.570000,0
20110301 043958000,270.410000,270.540000,0
20110301 043958000,270.420000,270.540000,0
20110301 044050000,270.440000,270.560000,0
20110301 044051000,270.430000,270.560000,0
20110301 044053000,270.430000,270.570000,0
20110301 044058000,270.470000,270.600000,0
20110301 044058000,270.480000,270.620000,0
20110301 044059000,270.480000,270.630000,0
20110301 044109000,270.500000,270.640000,0
20110301 044110000,270.510000,270.660000,0
20110301 044110000,270.500000,270.650000,0
20110301 044120000,270.490000,270.640000,0
20110301 044143000,270.520000,270.640000,0
20110301 044145000,270.520000,270.660000,0
20110301 044146000,270.530000,270.660000,0
20110301 044146000,270.540000,270.690000,0
20110301 044147000,270.530000,270.680000,0
20110301 044147000,270.530000,270.670000,0
20110301 044148000,270.540000,270.660000,0
20110301 044217000,270.510000,270.620000,0
20110301 044217000,270.510000,270.610000,0
20110301 044218000,270.520000,270.610000,0
20110301 044219000,270.520000,270.600000,0
20110301 044304000,270.540000,270.620000,0
20110301 044304000,270.550000,270.620000,0
20110301 044304000,270.550000,270.650000,0
20110301 044305000,270.540000,270.660000,0
20110301 044316000,270.560000,270.680000,0
20110301 044321000,270.560000,270.670000,0
20110301 044325000,270.560000,270.650000,0
20110301 044326000,270.560000,270.640000,0
20110301 044327000,270.530000,270.630000,0
20110301 044332000,270.550000,270.650000,0
20110301 044339000,270.560000,270.650000,0
20110301 044340000,270.550000,270.650000,0
20110301 044400000,270.570000,270.670000,0
20110301 044423000,270.550000,270.650000,0
20110301 044425000,270.540000,270.660000,0
20110301 044426000,270.560000,270.680000,0
20110301 044428000,270.570000,270.670000,0
20110301 044506000,270.550000,270.650000,0
20110301 044519000,270.530000,270.630000,0
20110301 044556000,270.550000,270.650000,0
20110301 044556000,270.530000,270.630000,0
20110301 044559000,270.540000,270.630000,0
20110301 044600000,270.520000,270.620000,0
20110301 044600000,270.540000,270.620000,0
20110301 044601000,270.540000,270.630000,0
20110301 044602000,270.550000,270.650000,0
20110301 044603000,270.560000,270.650000,0
20110301 044608000,270.580000,270.680000,0
20110301 044612000,270.580000,270.670000,0
20110301 044613000,270.580000,270.680000,0
20110301 044615000,270.590000,270.680000,0
20110301 044630000,270.570000,270.650000,0
20110301 044632000,270.570000,270.660000,0
20110301 044632000,270.590000,270.680000,0
20110301 044636000,270.570000,270.630000,0
20110301 044636000,270.570000,270.650000,0
20110301 044639000,270.590000,270.680000,0
20110301 044641000,270.610000,270.710000,0
20110301 044642000,270.600000,270.720000,0
20110301 044646000,270.650000,270.750000,0
20110301 044651000,270.650000,270.710000,0
20110301 044652000,270.670000,270.750000,0
20110301 044652000,270.670000,270.760000,0
20110301 044653000,270.680000,270.760000,0
20110301 044654000,270.630000,270.720000,0
20110301 044655000,270.610000,270.710000,0
20110301 044656000,270.600000,270.720000,0
20110301 044701000,270.620000,270.730000,0
20110301 044725000,270.640000,270.760000,0
20110301 044730000,270.670000,270.790000,0
20110301 044732000,270.670000,270.780000,0
20110301 044735000,270.690000,270.800000,0
20110301 044736000,270.690000,270.810000,0
20110301 044747000,270.660000,270.790000,0
20110301 044748000,270.670000,270.790000,0
20110301 044825000,270.700000,270.750000,0
20110301 044825000,270.700000,270.800000,0
20110301 044826000,270.680000,270.770000,0
20110301 044830000,270.700000,270.800000,0
20110301 044834000,270.680000,270.770000,0
20110301 044836000,270.650000,270.750000,0
20110301 044841000,270.700000,270.750000,0
20110301 044841000,270.700000,270.800000,0
20110301 044844000,270.700000,270.770000,0
20110301 044845000,270.700000,270.760000,0
20110301 044847000,270.700000,270.750000,0
20110301 044850000,270.700000,270.770000,0
20110301 044852000,270.700000,270.800000,0
20110301 044854000,270.710000,270.800000,0
20110301 044855000,270.730000,270.830000,0
20110301 044922000,270.710000,270.800000,0
20110301 044923000,270.700000,270.790000,0
20110301 044923000,270.630000,270.680000,0
20110301 044923000,270.550000,270.620000,0
20110301 044924000,270.550000,270.630000,0
20110301 044924000,270.550000,270.650000,0
20110301 044925000,270.550000,270.620000,0
20110301 044925000,270.550000,270.600000,0
20110301 044926000,270.550000,270.650000,0
20110301 044926000,270.550000,270.600000,0
20110301 044927000,270.550000,270.650000,0
20110301 044927000,270.550000,270.620000,0
20110301 044928000,270.580000,270.670000,0
20110301 044928000,270.550000,270.620000,0
20110301 044930000,270.580000,270.630000,0
20110301 044930000,270.640000,270.740000,0
20110301 044930000,270.550000,270.620000,0
20110301 044930000,270.570000,270.650000,0
20110301 044930000,270.580000,270.670000,0
20110301 044931000,270.600000,270.670000,0
20110301 044934000,270.660000,270.710000,0
20110301 044934000,270.650000,270.750000,0
20110301 044934000,270.600000,270.670000,0
20110301 044935000,270.600000,270.680000,0
20110301 044935000,270.680000,270.770000,0
20110301 044936000,270.600000,270.700000,0
20110301 044936000,270.580000,270.670000,0
20110301 044937000,270.630000,270.700000,0
20110301 044937000,270.580000,270.680000,0
20110301 044937000,270.580000,270.670000,0
20110301 044937000,270.540000,270.660000,0
20110301 044938000,270.520000,270.630000,0
20110301 044938000,270.520000,270.640000,0
20110301 044939000,270.490000,270.610000,0
20110301 044940000,270.630000,270.690000,0
20110301 044941000,270.590000,270.720000,0
20110301 044941000,270.600000,270.720000,0
20110301 044941000,270.610000,270.710000,0
20110301 044943000,270.610000,270.700000,0
20110301 044943000,270.610000,270.690000,0
20110301 044944000,270.610000,270.660000,0
20110301 044945000,270.610000,270.690000,0
20110301 044946000,270.610000,270.660000,0
20110301 044947000,270.610000,270.690000,0
20110301 044947000,270.650000,270.700000,0
20110301 044947000,270.600000,270.690000,0
20110301 044948000,270.590000,270.650000,0
20110301 044948000,270.580000,270.650000,0
20110301 044949000,270.600000,270.680000,0
20110301 044949000,270.600000,270.690000,0
20110301 044950000,270.600000,270.670000,0
20110301 044950000,270.580000,270.670000,0
20110301 044951000,270.580000,270.680000,0
20110301 044952000,270.630000,270.730000,0
20110301 044952000,270.610000,270.700000,0
20110301 044952000,270.610000,270.710000,0
20110301 044953000,270.610000,270.700000,0
20110301 044956000,270.610000,270.660000,0
20110301 044957000,270.580000,270.650000,0
20110301 044958000,270.580000,270.680000,0
20110301 044959000,270.580000,270.650000,0
20110301 045000000,270.580000,270.680000,0
20110301 045000000,270.610000,270.680000,0
20110301 045005000,270.610000,270.660000,0
20110301 045005000,270.610000,270.680000,0
20110301 045005000,270.610000,270.690000,0
20110301 045006000,270.600000,270.690000,0
20110301 045008000,270.600000,270.670000,0
20110301 045008000,270.580000,270.650000,0
20110301 045013000,270.600000,270.650000,0
20110301 045013000,270.580000,270.650000,0
20110301 045021000,270.610000,270.660000,0
20110301 045042000,270.630000,270.730000,0
20110301 045042000,270.660000,270.750000,0
20110301 045045000,270.670000,270.770000,0
20110301 045045000,270.680000,270.780000,0
20110301 045046000,270.660000,270.800000,0
20110301 045048000,270.680000,270.810000,0
20110301 045049000,270.670000,270.820000,0
20110301 045050000,270.640000,270.770000,0
20110301 045050000,270.640000,270.750000,0
20110301 045058000,270.580000,270.700000,0
20110301 045058000,270.620000,270.730000,0
20110301 045102000,270.630000,270.740000,0
20110301 045158000,270.620000,270.690000,0
20110301 045158000,270.580000,270.690000,0
20110301 045158000,270.530000,270.630000,0
20110301 045158000,270.520000,270.630000,0
20110301 045159000,270.520000,270.640000,0
20110301 045201000,270.510000,270.630000,0
20110301 045202000,270.520000,270.640000,0
20110301 045202000,270.520000,270.630000,0
20110301 045203000,270.530000,270.630000,0
20110301 045237000,270.510000,270.600000,0
20110301 045238000,270.530000,270.630000,0
20110301 045238000,270.530000,270.600000,0
20110301 045238000,270.510000,270.600000,0
20110301 045239000,270.530000,270.630000,0
20110301 045240000,270.520000,270.600000,0
20110301 045240000,270.510000,270.600000,0
20110301 045241000,270.530000,270.630000,0
20110301 045249000,270.540000,270.630000,0
20110301 045314000,270.550000,270.630000,0
20110301 045316000,270.540000,270.630000,0
20110301 045317000,270.550000,270.630000,0
20110301 045321000,270.540000,270.630000,0
20110301 045322000,270.530000,270.620000,0
20110301 045323000,270.540000,270.630000,0
20110301 045335000,270.550000,270.630000,0
20110301 045336000,270.540000,270.630000,0
20110301 045404000,270.530000,270.620000,0
20110301 045404000,270.540000,270.630000,0
20110301 045414000,270.550000,270.650000,0
20110301 045415000,270.570000,270.670000,0
20110301 045504000,270.600000,270.690000,0
20110301 045504000,270.630000,270.720000,0
20110301 045506000,270.610000,270.740000,0
20110301 045512000,270.630000,270.770000,0
20110301 045512000,270.600000,270.740000,0
20110301 045514000,270.610000,270.730000,0
20110301 045515000,270.600000,270.730000,0
20110301 045516000,270.610000,270.730000,0
20110301 045616000,270.620000,270.720000,0
20110301 045617000,270.630000,270.720000,0
20110301 045617000,270.640000,270.750000,0
20110301 045618000,270.690000,270.790000,0
20110301 045618000,270.710000,270.820000,0
20110301 045618000,270.760000,270.910000,0
20110301 045620000,270.770000,270.920000,0
20110301 045620000,270.790000,270.940000,0
20110301 045621000,270.770000,270.920000,0
20110301 045621000,270.750000,270.900000,0
20110301 045622000,270.780000,270.930000,0
20110301 045623000,270.790000,270.940000,0
20110301 045624000,270.800000,270.950000,0
20110301 045639000,270.810000,270.960000,0
20110301 045705000,270.790000,270.940000,0
20110301 045706000,270.790000,270.930000,0
20110301 045734000,270.800000,270.950000,0
20110301 045735000,270.810000,270.940000,0
20110301 045754000,270.800000,270.920000,0
20110301 045756000,270.820000,270.930000,0
20110301 045759000,270.840000,270.950000,0
20110301 045801000,270.830000,270.960000,0
20110301 045819000,270.860000,270.980000,0
20110301 045819000,270.830000,270.960000,0
20110301 045821000,270.860000,270.980000,0
20110301 045822000,270.860000,270.950000,0
20110301 045823000,270.850000,270.950000,0
20110301 045829000,270.870000,270.960000,0
20110301 045853000,270.860000,270.960000,0
20110301 045858000,270.900000,270.970000,0
20110301 045858000,270.860000,270.960000,0
20110301 045900000,270.900000,270.970000,0
20110301 045901000,270.860000,270.960000,0
20110301 045902000,270.900000,270.970000,0
20110301 045914000,270.850000,270.940000,0
20110301 045914000,270.840000,270.940000,0
20110301 045916000,270.820000,270.920000,0
20110301 045917000,270.780000,270.870000,0
20110301 045917000,270.660000,270.810000,0
20110301 045918000,270.650000,270.800000,0
20110301 045920000,270.660000,270.810000,0
20110301 045921000,270.650000,270.800000,0
20110301 045922000,270.770000,270.920000,0
20110301 045924000,270.790000,270.920000,0
20110301 045924000,270.850000,270.920000,0
20110301 045929000,270.790000,270.920000,0
20110301 045929000,270.710000,270.850000,0
20110301 045929000,270.710000,270.860000,0
20110301 045932000,270.770000,270.920000,0
20110301 045933000,270.780000,270.920000,0
20110301 045934000,270.800000,270.920000,0
20110301 045942000,270.800000,270.900000,0
20110301 045948000,270.780000,270.900000,0
20110301 045950000,270.780000,270.920000,0
20110301 045952000,270.790000,270.940000,0
20110301 050016000,270.800000,270.920000,0
20110301 050021000,270.790000,270.850000,0
20110301 050021000,270.800000,270.920000,0
20110301 050059000,270.810000,270.920000,0
20110301 050101000,270.810000,270.930000,0
20110301 050102000,270.820000,270.940000,0
20110301 050102000,270.830000,270.950000,0
20110301 050103000,270.830000,270.940000,0
20110301 050125000,270.850000,270.950000,0
20110301 050128000,270.860000,270.950000,0
20110301 050133000,270.860000,270.960000,0
20110301 050135000,270.860000,270.930000,0
20110301 050137000,270.860000,270.960000,0
20110301 050142000,270.870000,270.960000,0
20110301 050158000,270.880000,270.960000,0
20110301 050202000,270.890000,270.980000,0
20110301 050204000,270.890000,270.990000,0
20110301 050208000,270.890000,270.980000,0
20110301 050211000,270.890000,270.990000,0
20110301 050211000,270.950000,271.010000,0
20110301 050212000,270.890000,270.990000,0
20110301 050214000,270.930000,271.020000,0
20110301 050214000,270.950000,271.040000,0
20110301 050215000,270.930000,271.060000,0
20110301 050215000,270.910000,271.040000,0
20110301 050216000,270.860000,270.990000,0
20110301 050216000,270.800000,270.950000,0
20110301 050216000,270.960000,271.100000,0
20110301 050217000,270.970000,271.090000,0
20110301 050221000,271.000000,271.110000,0
20110301 050226000,270.980000,271.080000,0
20110301 050226000,270.970000,271.090000,0
20110301 050226000,270.970000,271.080000,0
20110301 050230000,271.050000,271.110000,0
20110301 050232000,271.080000,271.130000,0
20110301 050233000,270.990000,271.090000,0
20110301 050233000,270.980000,271.080000,0
20110301 050234000,271.050000,271.100000,0
20110301 050234000,271.050000,271.110000,0
20110301 050235000,271.000000,271.090000,0
20110301 050235000,270.960000,271.050000,0
20110301 050236000,270.950000,271.050000,0
20110301 050236000,271.050000,271.110000,0
20110301 050238000,271.000000,271.090000,0
20110301 050238000,270.960000,271.050000,0
20110301 050239000,270.930000,271.080000,0
20110301 050240000,271.030000,271.110000,0
20110301 050240000,271.060000,271.110000,0
20110301 050241000,271.000000,271.100000,0
20110301 050241000,270.980000,271.080000,0
20110301 050242000,270.960000,271.060000,0
20110301 050243000,270.960000,271.050000,0
20110301 050243000,271.060000,271.110000,0
20110301 050244000,271.000000,271.100000,0
20110301 050244000,270.960000,271.050000,0
20110301 050245000,271.060000,271.110000,0
20110301 050247000,271.080000,271.130000,0
20110301 050249000,271.090000,271.140000,0
20110301 050251000,271.120000,271.170000,0
20110301 050251000,271.150000,271.200000,0
20110301 050256000,271.180000,271.270000,0
20110301 050304000,271.180000,271.280000,0
20110301 050306000,271.180000,271.270000,0
20110301 050320000,271.160000,271.240000,0
20110301 050322000,271.160000,271.220000,0
20110301 050326000,271.100000,271.190000,0
20110301 050326000,271.050000,271.140000,0
20110301 050327000,271.000000,271.150000,0
20110301 050327000,270.880000,271.030000,0
20110301 050328000,270.840000,270.990000,0
20110301 050330000,270.880000,271.030000,0
20110301 050343000,271.100000,271.250000,0
20110301 050343000,271.130000,271.280000,0
20110301 050354000,271.100000,271.250000,0
20110301 050354000,271.100000,271.200000,0
20110301 050357000,270.990000,271.140000,0
20110301 050357000,270.890000,271.040000,0
20110301 050358000,270.830000,270.980000,0
20110301 050400000,271.010000,271.160000,0
20110301 050400000,271.030000,271.180000,0
20110301 050400000,271.040000,271.190000,0
20110301 050400000,271.030000,271.180000,0
20110301 050400000,271.040000,271.190000,0
20110301 050401000,270.960000,271.110000,0
20110301 050402000,270.830000,270.980000,0
20110301 050403000,270.900000,271.050000,0
20110301 050403000,271.020000,271.170000,0
20110301 050404000,271.040000,271.190000,0
20110301 050405000,271.100000,271.190000,0
20110301 050420000,271.050000,271.140000,0
20110301 050420000,270.860000,271.010000,0
20110301 050421000,271.020000,271.170000,0
20110301 050422000,271.040000,271.190000,0
20110301 050423000,271.100000,271.190000,0
20110301 050437000,271.050000,271.140000,0
20110301 050438000,270.860000,271.010000,0
20110301 050438000,270.870000,271.020000,0
20110301 050443000,271.020000,271.170000,0
20110301 050444000,271.010000,271.160000,0
20110301 050444000,270.990000,271.140000,0
20110301 050444000,271.020000,271.150000,0
20110301 050445000,271.100000,271.150000,0
20110301 050501000,271.030000,271.120000,0
20110301 050501000,270.970000,271.080000,0
20110301 050503000,270.950000,271.100000,0
20110301 050503000,271.050000,271.150000,0
20110301 050504000,271.070000,271.150000,0
20110301 050505000,271.100000,271.150000,0
20110301 050507000,271.020000,271.130000,0
20110301 050507000,270.970000,271.080000,0
20110301 050508000,270.950000,271.100000,0
20110301 050510000,271.050000,271.150000,0
20110301 050511000,271.060000,271.150000,0
20110301 050511000,271.060000,271.120000,0
20110301 050512000,271.090000,271.140000,0
20110301 050513000,271.100000,271.150000,0
20110301 050554000,271.020000,271.120000,0
20110301 050554000,270.970000,271.070000,0
20110301 050555000,270.950000,271.100000,0
20110301 050611000,271.030000,271.140000,0
20110301 050612000,271.070000,271.140000,0
20110301 050613000,271.100000,271.150000,0
20110301 050640000,271.120000,271.170000,0
20110301 050644000,271.130000,271.180000,0
20110301 050646000,271.140000,271.190000,0
20110301 050648000,271.160000,271.210000,0
20110301 050649000,271.080000,271.180000,0
20110301 050649000,271.030000,271.120000,0
20110301 050650000,271.030000,271.180000,0
20110301 050651000,271.020000,271.170000,0
20110301 050705000,271.010000,271.160000,0
20110301 050706000,270.990000,271.130000,0
20110301 050708000,270.930000,271.080000,0
20110301 050708000,270.920000,271.070000,0
20110301 050735000,271.070000,271.190000,0
20110301 050736000,271.090000,271.190000,0
20110301 050737000,271.100000,271.190000,0
20110301 050737000,271.040000,271.150000,0
20110301 050737000,270.990000,271.110000,0
20110301 050738000,270.980000,271.100000,0
20110301 050739000,270.980000,271.120000,0
20110301 050743000,270.990000,271.120000,0
20110301 050743000,270.990000,271.130000,0
20110301 050744000,270.980000,271.130000,0
20110301 050745000,270.970000,271.120000,0
20110301 050750000,271.010000,271.160000,0
20110301 050812000,271.060000,271.170000,0
20110301 050813000,271.090000,271.170000,0
20110301 050814000,271.100000,271.170000,0
20110301 050838000,271.100000,271.190000,0
20110301 050858000,271.100000,271.200000,0
20110301 050901000,271.130000,271.220000,0
20110301 050905000,271.150000,271.250000,0
20110301 050905000,271.140000,271.260000,0
20110301 050909000,271.130000,271.260000,0
20110301 050909000,271.110000,271.240000,0
20110301 050911000,271.120000,271.240000,0
20110301 050913000,271.140000,271.260000,0
20110301 050914000,271.130000,271.260000,0
20110301 050914000,271.180000,271.290000,0
20110301 050915000,271.200000,271.290000,0
20110301 050916000,271.120000,271.220000,0
20110301 050916000,271.100000,271.190000,0
20110301 050918000,271.070000,271.220000,0
20110301 050920000,271.080000,271.230000,0
20110301 050931000,271.120000,271.270000,0
20110301 050935000,271.100000,271.250000,0
20110301 050936000,271.190000,271.290000,0
20110301 050936000,271.220000,271.290000,0
20110301 050938000,271.250000,271.300000,0
20110301 050939000,271.240000,271.290000,0
20110301 050941000,271.210000,271.260000,0
20110301 050941000,271.150000,271.240000,0
20110301 050942000,271.160000,271.250000,0
20110301 050942000,271.160000,271.260000,0
20110301 050945000,271.160000,271.250000,0
20110301 050951000,271.150000,271.240000,0
20110301 051000000,271.160000,271.260000,0
20110301 051009000,271.170000,271.270000,0
20110301 051012000,271.170000,271.250000,0
20110301 051012000,271.150000,271.240000,0
20110301 051012000,271.170000,271.270000,0
20110301 051014000,271.250000,271.310000,0
20110301 051015000,271.250000,271.300000,0
20110301 051015000,271.170000,271.270000,0
20110301 051016000,271.250000,271.300000,0
20110301 051016000,271.250000,271.310000,0
20110301 051017000,271.190000,271.290000,0
20110301 051017000,271.170000,271.270000,0
20110301 051017000,271.250000,271.300000,0
20110301 051018000,271.190000,271.290000,0
20110301 051018000,271.170000,271.270000,0
20110301 051019000,271.250000,271.310000,0
20110301 051020000,271.300000,271.400000,0
20110301 051025000,271.230000,271.330000,0
20110301 051026000,271.200000,271.350000,0
20110301 051028000,271.270000,271.400000,0
20110301 051028000,271.300000,271.400000,0
20110301 051038000,271.300000,271.390000,0
20110301 051048000,271.350000,271.400000,0
20110301 051052000,271.380000,271.470000,0
20110301 051056000,271.400000,271.490000,0
20110301 051101000,271.370000,271.470000,0
20110301 051102000,271.400000,271.490000,0
20110301 051106000,271.400000,271.470000,0
20110301 051106000,271.370000,271.470000,0
20110301 051126000,271.400000,271.490000,0
20110301 051147000,271.410000,271.490000,0
20110301 051207000,271.400000,271.490000,0
20110301 051212000,271.400000,271.500000,0
20110301 051212000,271.400000,271.490000,0
20110301 051233000,271.370000,271.470000,0
20110301 051324000,271.400000,271.490000,0
20110301 051443000,271.370000,271.470000,0
20110301 051514000,271.350000,271.450000,0
20110301 051553000,271.400000,271.450000,0
20110301 051554000,271.350000,271.450000,0
20110301 051556000,271.400000,271.450000,0
20110301 051602000,271.400000,271.490000,0
20110301 051602000,271.370000,271.470000,0
20110301 051616000,271.370000,271.450000,0
20110301 051616000,271.350000,271.450000,0
20110301 051702000,271.350000,271.440000,0
20110301 051704000,271.360000,271.440000,0
20110301 051715000,271.400000,271.450000,0
20110301 051720000,271.380000,271.430000,0
20110301 051722000,271.400000,271.500000,0
20110301 051722000,271.410000,271.500000,0
20110301 051725000,271.400000,271.490000,0
20110301 051726000,271.410000,271.490000,0
20110301 051734000,271.400000,271.490000,0
20110301 051737000,271.400000,271.480000,0
20110301 051828000,271.370000,271.460000,0
20110301 051828000,271.350000,271.420000,0
20110301 051830000,271.350000,271.400000,0
20110301 051835000,271.370000,271.460000,0
20110301 051840000,271.360000,271.450000,0
20110301 051843000,271.350000,271.450000,0
20110301 051843000,271.350000,271.430000,0
20110301 051843000,271.350000,271.420000,0
20110301 051845000,271.350000,271.400000,0
20110301 051849000,271.350000,271.420000,0
20110301 051849000,271.420000,271.480000,0
20110301 051851000,271.440000,271.490000,0
20110301 051852000,271.370000,271.460000,0
20110301 051907000,271.360000,271.450000,0
20110301 051920000,271.330000,271.430000,0
20110301 051922000,271.360000,271.450000,0
20110301 051945000,271.370000,271.460000,0
20110301 052126000,271.360000,271.450000,0
20110301 052134000,271.350000,271.450000,0
20110301 052135000,271.340000,271.440000,0
20110301 052141000,271.310000,271.410000,0
20110301 052141000,271.350000,271.450000,0
20110301 052142000,271.350000,271.410000,0
20110301 052143000,271.320000,271.410000,0
20110301 052143000,271.280000,271.370000,0
20110301 052143000,271.260000,271.390000,0
20110301 052144000,271.280000,271.420000,0
20110301 052146000,271.280000,271.430000,0
20110301 052150000,271.280000,271.420000,0
20110301 052312000,271.250000,271.400000,0
20110301 052312000,271.280000,271.420000,0
20110301 052313000,271.290000,271.410000,0
20110301 052314000,271.280000,271.420000,0
20110301 052320000,271.280000,271.400000,0
20110301 052321000,271.260000,271.390000,0
20110301 052321000,271.280000,271.420000,0
20110301 052322000,271.290000,271.420000,0
20110301 052324000,271.290000,271.410000,0
20110301 052348000,271.290000,271.400000,0
20110301 052348000,271.260000,271.390000,0
20110301 052349000,271.290000,271.410000,0
20110301 052350000,271.280000,271.420000,0
20110301 052351000,271.280000,271.410000,0
20110301 052353000,271.290000,271.410000,0
20110301 052357000,271.270000,271.390000,0
20110301 052405000,271.290000,271.410000,0
20110301 052406000,271.280000,271.420000,0
20110301 052410000,271.310000,271.440000,0
20110301 052411000,271.280000,271.420000,0
20110301 052413000,271.310000,271.440000,0
20110301 052414000,271.320000,271.440000,0
20110301 052417000,271.320000,271.410000,0
20110301 052417000,271.300000,271.410000,0
20110301 052420000,271.320000,271.430000,0
20110301 052454000,271.340000,271.440000,0
20110301 052510000,271.340000,271.450000,0
20110301 052514000,271.340000,271.460000,0
20110301 052526000,271.330000,271.450000,0
20110301 052527000,271.330000,271.440000,0
20110301 052528000,271.340000,271.460000,0
20110301 052528000,271.320000,271.440000,0
20110301 052530000,271.340000,271.460000,0
20110301 052531000,271.320000,271.440000,0
20110301 052537000,271.340000,271.460000,0
20110301 052537000,271.330000,271.470000,0
20110301 052621000,271.310000,271.440000,0
20110301 052622000,271.320000,271.440000,0
20110301 052623000,271.340000,271.460000,0
20110301 052624000,271.330000,271.470000,0
20110301 052703000,271.310000,271.440000,0
20110301 052705000,271.300000,271.450000,0
20110301 052725000,271.280000,271.430000,0
20110301 052836000,271.250000,271.400000,0
20110301 052837000,271.260000,271.390000,0
20110301 052839000,271.290000,271.410000,0
20110301 052839000,271.250000,271.380000,0
20110301 052840000,271.260000,271.370000,0
20110301 052841000,271.290000,271.410000,0
20110301 052846000,271.250000,271.360000,0
20110301 052847000,271.260000,271.380000,0
20110301 052847000,271.270000,271.370000,0
20110301 052848000,271.300000,271.390000,0
20110301 052848000,271.300000,271.400000,0
20110301 052848000,271.290000,271.410000,0
20110301 052849000,271.260000,271.380000,0
20110301 052850000,271.260000,271.370000,0
20110301 052851000,271.260000,271.360000,0
20110301 052853000,271.300000,271.370000,0
20110301 052856000,271.290000,271.380000,0
20110301 052856000,271.330000,271.420000,0
20110301 052859000,271.310000,271.410000,0
20110301 052901000,271.310000,271.400000,0
20110301 052905000,271.300000,271.400000,0
20110301 052906000,271.330000,271.400000,0
20110301 052907000,271.330000,271.420000,0
20110301 052934000,271.350000,271.450000,0
20110301 052935000,271.340000,271.460000,0
20110301 052937000,271.390000,271.500000,0
20110301 052937000,271.400000,271.500000,0
20110301 052944000,271.400000,271.450000,0
20110301 052947000,271.330000,271.430000,0
20110301 052947000,271.330000,271.420000,0
20110301 053353000,271.300000,271.400000,0
20110301 053356000,271.330000,271.420000,0
20110301 053359000,271.320000,271.420000,0
20110301 053536000,271.300000,271.400000,0
20110301 053536000,271.320000,271.420000,0
20110301 053845000,271.300000,271.400000,0
20110301 053846000,271.320000,271.420000,0
20110301 054319000,271.350000,271.440000,0
20110301 054355000,271.350000,271.450000,0
20110301 054409000,271.350000,271.430000,0
20110301 054412000,271.350000,271.450000,0
20110301 054419000,271.350000,271.440000,0
20110301 054421000,271.350000,271.450000,0
20110301 054432000,271.400000,271.450000,0
20110301 054434000,271.400000,271.500000,0
20110301 054441000,271.400000,271.450000,0
20110301 054445000,271.400000,271.470000,0
20110301 054535000,271.400000,271.450000,0
20110301 054536000,271.400000,271.470000,0
20110301 054559000,271.400000,271.460000,0
20110301 054600000,271.400000,271.470000,0
20110301 054601000,271.300000,271.370000,0
20110301 054601000,271.280000,271.370000,0
20110301 054603000,271.280000,271.350000,0
20110301 054604000,271.330000,271.420000,0
20110301 054604000,271.350000,271.450000,0
20110301 054605000,271.370000,271.480000,0
20110301 054606000,271.380000,271.470000,0
20110301 054607000,271.350000,271.420000,0
20110301 054609000,271.350000,271.400000,0
20110301 054618000,271.380000,271.430000,0
20110301 054618000,271.380000,271.470000,0
20110301 054624000,271.380000,271.450000,0
20110301 054624000,271.350000,271.450000,0
20110301 054625000,271.380000,271.470000,0
20110301 054631000,271.350000,271.430000,0
20110301 054633000,271.350000,271.450000,0
20110301 054701000,271.380000,271.470000,0
20110301 054705000,271.350000,271.450000,0
20110301 054713000,271.380000,271.470000,0
20110301 054718000,271.350000,271.450000,0
20110301 054722000,271.350000,271.420000,0
20110301 054727000,271.380000,271.470000,0
20110301 054732000,271.350000,271.440000,0
20110301 054734000,271.350000,271.430000,0
20110301 054736000,271.380000,271.470000,0
20110301 054738000,271.400000,271.500000,0
20110301 054743000,271.400000,271.450000,0
20110301 054747000,271.450000,271.500000,0
20110301 054751000,271.470000,271.520000,0
20110301 054751000,271.480000,271.570000,0
20110301 054753000,271.500000,271.600000,0
20110301 054756000,271.500000,271.590000,0
20110301 054800000,271.470000,271.570000,0
20110301 054805000,271.450000,271.550000,0
20110301 054808000,271.470000,271.550000,0
20110301 054808000,271.470000,271.570000,0
20110301 054809000,271.450000,271.550000,0
20110301 054812000,271.450000,271.540000,0
20110301 054818000,271.460000,271.540000,0
20110301 054831000,271.450000,271.540000,0
20110301 054834000,271.460000,271.540000,0
20110301 054848000,271.450000,271.540000,0
20110301 054852000,271.450000,271.500000,0
20110301 054905000,271.420000,271.470000,0
20110301 054906000,271.400000,271.450000,0
20110301 054916000,271.450000,271.500000,0
20110301 054922000,271.450000,271.510000,0
20110301 054922000,271.450000,271.540000,0
20110301 054959000,271.450000,271.550000,0
20110301 055004000,271.520000,271.570000,0
20110301 055004000,271.530000,271.600000,0
20110301 055006000,271.550000,271.600000,0
20110301 055008000,271.480000,271.580000,0
20110301 055008000,271.480000,271.570000,0
20110301 055017000,271.470000,271.570000,0
20110301 055020000,271.470000,271.550000,0
20110301 055020000,271.450000,271.550000,0
20110301 055022000,271.470000,271.570000,0
20110301 055029000,271.470000,271.560000,0
20110301 055031000,271.460000,271.550000,0
20110301 055033000,271.470000,271.560000,0
20110301 055033000,271.470000,271.570000,0
20110301 055044000,271.550000,271.600000,0
20110301 055044000,271.560000,271.610000,0
20110301 055046000,271.570000,271.620000,0
20110301 055046000,271.480000,271.570000,0
20110301 055051000,271.470000,271.560000,0
20110301 055100000,271.480000,271.570000,0
20110301 055138000,271.460000,271.550000,0
20110301 055139000,271.450000,271.550000,0
20110301 055139000,271.480000,271.570000,0
20110301 055141000,271.480000,271.550000,0
20110301 055141000,271.450000,271.550000,0
20110301 055141000,271.480000,271.570000,0
20110301 055144000,271.510000,271.600000,0
20110301 055146000,271.520000,271.600000,0
20110301 055147000,271.510000,271.600000,0
20110301 055148000,271.480000,271.570000,0
20110301 055151000,271.470000,271.560000,0
20110301 055152000,271.480000,271.570000,0
20110301 055153000,271.470000,271.580000,0
20110301 055217000,271.500000,271.610000,0
20110301 055217000,271.550000,271.650000,0
20110301 055218000,271.560000,271.660000,0
20110301 055218000,271.540000,271.690000,0
20110301 055229000,271.560000,271.700000,0
20110301 055229000,271.550000,271.700000,0
20110301 055231000,271.540000,271.680000,0
20110301 055232000,271.570000,271.700000,0
20110301 055232000,271.580000,271.730000,0
20110301 055232000,271.610000,271.710000,0
20110301 055234000,271.630000,271.750000,0
20110301 055237000,271.620000,271.740000,0
20110301 055239000,271.610000,271.730000,0
20110301 055241000,271.620000,271.720000,0
20110301 055242000,271.640000,271.730000,0
20110301 055243000,271.630000,271.740000,0
20110301 055245000,271.620000,271.730000,0
20110301 055246000,271.570000,271.680000,0
20110301 055247000,271.580000,271.680000,0
20110301 055247000,271.560000,271.710000,0
20110301 055248000,271.570000,271.720000,0
20110301 055250000,271.530000,271.670000,0
20110301 055250000,271.520000,271.670000,0
20110301 055251000,271.520000,271.660000,0
20110301 055252000,271.550000,271.700000,0
20110301 055253000,271.560000,271.690000,0
20110301 055254000,271.560000,271.710000,0
20110301 055254000,271.550000,271.700000,0
20110301 055255000,271.560000,271.710000,0
20110301 055256000,271.550000,271.700000,0
20110301 055257000,271.520000,271.660000,0
20110301 055258000,271.530000,271.670000,0
20110301 055308000,271.520000,271.670000,0
20110301 055310000,271.530000,271.660000,0
20110301 055313000,271.540000,271.660000,0
20110301 055326000,271.520000,271.640000,0
20110301 055326000,271.510000,271.640000,0
20110301 055352000,271.550000,271.650000,0
20110301 055352000,271.560000,271.650000,0
20110301 055357000,271.560000,271.620000,0
20110301 055357000,271.550000,271.620000,0
20110301 055359000,271.550000,271.650000,0
20110301 055359000,271.560000,271.650000,0
20110301 055427000,271.560000,271.620000,0
20110301 055427000,271.550000,271.600000,0
20110301 055429000,271.550000,271.640000,0
20110301 055429000,271.550000,271.650000,0
20110301 055429000,271.560000,271.650000,0
20110301 055431000,271.560000,271.640000,0
20110301 055432000,271.550000,271.640000,0
20110301 055432000,271.560000,271.640000,0
20110301 055433000,271.560000,271.610000,0
20110301 055433000,271.550000,271.600000,0
20110301 055433000,271.510000,271.600000,0
20110301 055435000,271.500000,271.580000,0
20110301 055436000,271.530000,271.620000,0
20110301 055440000,271.550000,271.650000,0
20110301 055441000,271.540000,271.660000,0
20110301 055444000,271.570000,271.690000,0
20110301 055444000,271.570000,271.680000,0
20110301 055448000,271.540000,271.660000,0
20110301 055449000,271.510000,271.640000,0
20110301 055451000,271.540000,271.660000,0
20110301 055452000,271.550000,271.670000,0
20110301 055452000,271.540000,271.670000,0
20110301 055453000,271.530000,271.650000,0
20110301 055455000,271.550000,271.670000,0
20110301 055455000,271.560000,271.670000,0
20110301 055456000,271.560000,271.660000,0
20110301 055458000,271.570000,271.680000,0
20110301 055459000,271.580000,271.670000,0
20110301 055506000,271.570000,271.660000,0
20110301 055512000,271.580000,271.670000,0
20110301 055518000,271.570000,271.660000,0
20110301 055520000,271.580000,271.670000,0
20110301 055522000,271.560000,271.660000,0
20110301 055523000,271.580000,271.670000,0
20110301 055531000,271.600000,271.700000,0
20110301 055532000,271.560000,271.650000,0
20110301 055532000,271.560000,271.660000,0
20110301 055533000,271.600000,271.700000,0
20110301 055535000,271.590000,271.710000,0
20110301 055537000,271.580000,271.700000,0
20110301 055540000,271.570000,271.690000,0
20110301 055542000,271.570000,271.680000,0
20110301 055544000,271.590000,271.710000,0
20110301 055548000,271.580000,271.710000,0
20110301 055549000,271.590000,271.710000,0
20110301 055556000,271.580000,271.700000,0
20110301 055557000,271.580000,271.690000,0
20110301 055605000,271.670000,271.750000,0
20110301 055605000,271.680000,271.800000,0
20110301 055605000,271.690000,271.790000,0
20110301 055607000,271.720000,271.790000,0
20110301 055607000,271.690000,271.780000,0
20110301 055610000,271.700000,271.780000,0
20110301 055613000,271.720000,271.800000,0
20110301 055613000,271.730000,271.800000,0
20110301 055614000,271.730000,271.780000,0
20110301 055614000,271.720000,271.770000,0
20110301 055616000,271.720000,271.780000,0
20110301 055616000,271.730000,271.800000,0
20110301 055617000,271.730000,271.820000,0
20110301 055617000,271.760000,271.850000,0
20110301 055621000,271.810000,271.870000,0
20110301 055623000,271.840000,271.890000,0
20110301 055623000,271.870000,271.970000,0
20110301 055623000,271.880000,271.980000,0
20110301 055630000,271.880000,271.960000,0
20110301 055631000,271.870000,271.960000,0
20110301 055632000,271.880000,271.980000,0
20110301 055634000,272.050000,272.150000,0
20110301 055634000,272.010000,272.110000,0
20110301 055635000,272.050000,272.150000,0
20110301 055635000,272.060000,272.160000,0
20110301 055636000,272.060000,272.150000,0
20110301 055636000,272.040000,272.170000,0
20110301 055637000,272.050000,272.170000,0
20110301 055639000,272.000000,272.070000,0
20110301 055639000,272.020000,272.140000,0
20110301 055639000,272.040000,272.160000,0
20110301 055640000,272.010000,272.130000,0
20110301 055640000,271.970000,272.090000,0
20110301 055640000,271.960000,272.090000,0
20110301 055641000,271.950000,272.100000,0
20110301 055644000,271.890000,272.040000,0
20110301 055645000,271.930000,272.050000,0
20110301 055645000,271.950000,272.100000,0
20110301 055645000,271.870000,272.010000,0
20110301 055647000,271.910000,272.060000,0
20110301 055647000,272.000000,272.150000,0
20110301 055647000,272.010000,272.100000,0
20110301 055649000,272.010000,272.090000,0
20110301 055650000,272.010000,272.100000,0
20110301 055650000,272.020000,272.100000,0
20110301 055656000,272.040000,272.150000,0
20110301 055658000,272.040000,272.160000,0
20110301 055658000,272.040000,272.130000,0
20110301 055701000,272.030000,272.140000,0
20110301 055701000,272.020000,272.110000,0
20110301 055701000,272.020000,272.140000,0
20110301 055702000,272.020000,272.110000,0
20110301 055703000,272.020000,272.130000,0
20110301 055703000,272.020000,272.110000,0
20110301 055704000,272.010000,272.130000,0
20110301 055705000,272.010000,272.100000,0
20110301 055705000,272.010000,272.080000,0
20110301 055705000,271.980000,272.060000,0
20110301 055706000,271.920000,272.040000,0
20110301 055706000,271.930000,272.030000,0
20110301 055707000,271.910000,272.050000,0
20110301 055708000,271.910000,272.040000,0
20110301 055708000,271.890000,272.020000,0
20110301 055708000,271.870000,272.000000,0
20110301 055709000,271.870000,271.990000,0
20110301 055712000,271.900000,272.020000,0
20110301 055713000,271.870000,271.990000,0
20110301 055714000,271.880000,271.990000,0
20110301 055714000,271.880000,272.000000,0
20110301 055714000,271.890000,272.000000,0
20110301 055714000,271.890000,271.990000,0
20110301 055715000,271.910000,272.010000,0
20110301 055715000,271.910000,272.020000,0
20110301 055718000,271.890000,272.000000,0
20110301 055718000,271.890000,271.990000,0
20110301 055719000,271.890000,271.980000,0
20110301 055719000,271.890000,271.990000,0
20110301 055722000,271.890000,271.980000,0
20110301 055726000,271.890000,271.990000,0
20110301 055732000,271.890000,271.980000,0
20110301 055732000,271.890000,271.990000,0
20110301 055741000,271.890000,271.980000,0
20110301 055742000,271.890000,271.990000,0
20110301 055744000,271.880000,271.950000,0
20110301 055811000,271.870000,271.950000,0
20110301 055813000,271.800000,271.900000,0
20110301 055814000,271.760000,271.850000,0
20110301 055814000,271.720000,271.840000,0
20110301 055816000,271.720000,271.830000,0
20110301 055816000,271.660000,271.810000,0
20110301 055816000,271.650000,271.800000,0
20110301 055818000,271.700000,271.850000,0
20110301 055819000,271.710000,271.860000,0
20110301 055820000,271.690000,271.840000,0
20110301 055820000,271.680000,271.830000,0
20110301 055821000,271.710000,271.860000,0
20110301 055822000,271.700000,271.850000,0
20110301 055822000,271.710000,271.860000,0
20110301 055824000,271.670000,271.820000,0
20110301 055825000,271.690000,271.840000,0
20110301 055826000,271.700000,271.850000,0
20110301 055836000,271.790000,271.940000,0
20110301 055837000,271.810000,271.950000,0
20110301 055837000,271.830000,271.950000,0
20110301 055838000,271.830000,271.940000,0
20110301 055839000,271.810000,271.940000,0
20110301 055839000,271.820000,271.920000,0
20110301 055842000,271.810000,271.860000,0
20110301 055842000,271.800000,271.850000,0
20110301 055844000,271.830000,271.930000,0
20110301 055849000,271.800000,271.900000,0
20110301 055850000,271.730000,271.880000,0
20110301 055850000,271.710000,271.860000,0
20110301 055854000,271.700000,271.830000,0
20110301 055854000,271.670000,271.820000,0
20110301 055854000,271.630000,271.780000,0
20110301 055856000,271.670000,271.820000,0
20110301 055856000,271.700000,271.850000,0
20110301 055858000,271.680000,271.830000,0
20110301 055900000,271.660000,271.810000,0
20110301 055906000,271.650000,271.800000,0
20110301 055906000,271.660000,271.810000,0
20110301 055911000,271.640000,271.790000,0
20110301 055912000,271.650000,271.800000,0
20110301 055912000,271.660000,271.810000,0
20110301 055918000,271.640000,271.790000,0
20110301 055919000,271.630000,271.780000,0
20110301 055920000,271.650000,271.800000,0
20110301 055920000,271.660000,271.790000,0
20110301 055921000,271.660000,271.810000,0
20110301 055924000,271.650000,271.800000,0
20110301 055925000,271.650000,271.790000,0
20110301 055930000,271.630000,271.770000,0
20110301 055931000,271.650000,271.790000,0
20110301 055934000,271.650000,271.800000,0
20110301 055942000,271.630000,271.780000,0
20110301 055943000,271.620000,271.770000,0
20110301 055944000,271.560000,271.680000,0
20110301 055945000,271.590000,271.660000,0
20110301 055945000,271.590000,271.680000,0
20110301 055945000,271.610000,271.760000,0
20110301 055947000,271.630000,271.780000,0
20110301 055948000,271.630000,271.770000,0
20110301 055948000,271.600000,271.700000,0
20110301 055949000,271.600000,271.690000,0
20110301 055949000,271.600000,271.670000,0
20110301 055950000,271.630000,271.690000,0
20110301 055950000,271.640000,271.730000,0
20110301 055950000,271.670000,271.770000,0
20110301 055950000,271.660000,271.750000,0
20110301 055951000,271.650000,271.800000,0
20110301 055952000,271.670000,271.820000,0
20110301 055952000,271.650000,271.800000,0
20110301 055953000,271.650000,271.790000,0
20110301 055953000,271.640000,271.770000,0
20110301 055954000,271.630000,271.770000,0
20110301 055954000,271.630000,271.780000,0
20110301 055957000,271.620000,271.700000,0
20110301 055957000,271.600000,271.700000,0
20110301 055957000,271.600000,271.690000,0
20110301 055958000,271.600000,271.670000,0
20110301 055958000,271.630000,271.720000,0
20110301 055958000,271.650000,271.750000,0
20110301 060000000,271.640000,271.760000,0
20110301 060002000,271.640000,271.750000,0
20110301 060002000,271.620000,271.710000,0
20110301 060004000,271.620000,271.700000,0
20110301 060005000,271.610000,271.700000,0
20110301 060005000,271.620000,271.700000,0
20110301 060006000,271.630000,271.700000,0
20110301 060007000,271.610000,271.700000,0
20110301 060010000,271.610000,271.690000,0
20110301 060010000,271.600000,271.690000,0
20110301 060010000,271.610000,271.690000,0
20110301 060011000,271.610000,271.680000,0
20110301 060011000,271.620000,271.680000,0
20110301 060012000,271.620000,271.690000,0
20110301 060015000,271.610000,271.690000,0
20110301 060016000,271.600000,271.690000,0
20110301 060018000,271.600000,271.650000,0
20110301 060021000,271.600000,271.690000,0
20110301 060022000,271.580000,271.680000,0
20110301 060027000,271.580000,271.640000,0
20110301 060027000,271.570000,271.640000,0
20110301 060028000,271.580000,271.680000,0
20110301 060032000,271.600000,271.680000,0
20110301 060032000,271.600000,271.690000,0
20110301 060040000,271.610000,271.710000,0
20110301 060044000,271.610000,271.700000,0
20110301 060050000,271.600000,271.700000,0
20110301 060052000,271.610000,271.700000,0
20110301 060052000,271.610000,271.710000,0
20110301 060053000,271.600000,271.680000,0
20110301 060055000,271.600000,271.690000,0
20110301 060055000,271.610000,271.710000,0
20110301 060056000,271.610000,271.700000,0
20110301 060058000,271.600000,271.700000,0
20110301 060059000,271.600000,271.690000,0
20110301 060101000,271.600000,271.680000,0
20110301 060104000,271.600000,271.690000,0
20110301 060105000,271.610000,271.700000,0
20110301 060108000,271.600000,271.670000,0
20110301 060110000,271.610000,271.700000,0
20110301 060122000,271.650000,271.700000,0
20110301 060122000,271.650000,271.710000,0
20110301 060126000,271.650000,271.720000,0
20110301 060130000,271.650000,271.700000,0
20110301 060132000,271.650000,271.720000,0
20110301 060142000,271.650000,271.710000,0
20110301 060146000,271.660000,271.720000,0
20110301 060146000,271.670000,271.720000,0
20110301 060147000,271.680000,271.730000,0
20110301 060148000,271.690000,271.740000,0
20110301 060149000,271.700000,271.750000,0
20110301 060149000,271.710000,271.790000,0
20110301 060150000,271.720000,271.790000,0
20110301 060155000,271.720000,271.800000,0
20110301 060155000,271.770000,271.850000,0
20110301 060157000,271.790000,271.850000,0
20110301 060158000,271.790000,271.840000,0
20110301 060159000,271.730000,271.830000,0
20110301 060202000,271.750000,271.840000,0
20110301 060205000,271.750000,271.850000,0
20110301 060207000,271.780000,271.870000,0
20110301 060208000,271.800000,271.900000,0
20110301 060215000,271.830000,271.900000,0
20110301 060216000,271.830000,271.920000,0
20110301 060221000,271.810000,271.900000,0
20110301 060222000,271.760000,271.860000,0
20110301 060222000,271.680000,271.830000,0
20110301 060223000,271.690000,271.840000,0
20110301 060223000,271.700000,271.850000,0
20110301 060226000,271.720000,271.870000,0
20110301 060227000,271.710000,271.860000,0
20110301 060227000,271.700000,271.840000,0
20110301 060230000,271.710000,271.840000,0
20110301 060230000,271.760000,271.900000,0
20110301 060231000,271.800000,271.900000,0
20110301 060233000,271.800000,271.920000,0
20110301 060233000,271.800000,271.890000,0
20110301 060235000,271.800000,271.880000,0
20110301 060235000,271.800000,271.890000,0
20110301 060237000,271.800000,271.900000,0
20110301 060241000,271.810000,271.910000,0
20110301 060245000,271.830000,271.920000,0
20110301 060247000,271.840000,271.930000,0
20110301 060321000,271.850000,271.930000,0
20110301 060321000,271.850000,271.950000,0
20110301 060330000,271.890000,271.950000,0
20110301 060330000,271.900000,272.000000,0
20110301 060330000,271.850000,271.940000,0
20110301 060331000,271.890000,271.980000,0
20110301 060331000,271.890000,272.010000,0
20110301 060337000,271.850000,271.970000,0
20110301 060338000,271.880000,272.000000,0
20110301 060340000,271.870000,271.990000,0
20110301 060341000,271.870000,271.980000,0
20110301 060341000,271.900000,272.000000,0
20110301 060343000,271.900000,271.980000,0
20110301 060344000,271.900000,271.990000,0
20110301 060344000,271.930000,272.020000,0
20110301 060346000,271.920000,272.020000,0
20110301 060350000,271.920000,272.010000,0
20110301 060350000,271.930000,272.020000,0
20110301 060353000,271.910000,272.010000,0
20110301 060358000,271.930000,272.020000,0
20110301 060403000,272.030000,272.100000,0
20110301 060405000,272.050000,272.100000,0
20110301 060409000,272.040000,272.100000,0
20110301 060411000,272.050000,272.140000,0
20110301 060411000,272.040000,272.120000,0
20110301 060411000,272.050000,272.140000,0
20110301 060412000,272.040000,272.140000,0
20110301 060416000,272.040000,272.100000,0
20110301 060417000,272.030000,272.100000,0
20110301 060420000,272.040000,272.130000,0
20110301 060420000,272.030000,272.110000,0
20110301 060421000,272.040000,272.140000,0
20110301 060422000,272.030000,272.130000,0
20110301 060422000,272.070000,272.150000,0
20110301 060422000,272.070000,272.130000,0
20110301 060424000,272.090000,272.140000,0
20110301 060425000,272.100000,272.170000,0
20110301 060427000,272.110000,272.210000,0
20110301 060431000,272.100000,272.200000,0
20110301 060433000,272.100000,272.150000,0
20110301 060434000,272.050000,272.150000,0
20110301 060434000,272.010000,272.100000,0
20110301 060435000,271.860000,272.010000,0
20110301 060436000,271.810000,271.960000,0
20110301 060437000,271.820000,271.970000,0
20110301 060438000,271.810000,271.960000,0
20110301 060438000,271.820000,271.970000,0
20110301 060439000,271.860000,272.010000,0
20110301 060440000,271.850000,272.000000,0
20110301 060441000,271.880000,272.030000,0
20110301 060442000,271.870000,272.020000,0
20110301 060445000,271.920000,272.070000,0
20110301 060446000,271.910000,272.060000,0
20110301 060448000,272.050000,272.180000,0
20110301 060448000,271.970000,272.120000,0
20110301 060448000,271.930000,272.080000,0
20110301 060449000,271.940000,272.090000,0
