20110501 170419973,264.460000,264.610000,0
20110501 173428783,264.450000,264.600000,0
20110501 173442860,264.460000,264.610000,0
20110501 173810500,264.450000,264.600000,0
20110501 173817030,264.460000,264.610000,0
20110501 174910837,264.470000,264.620000,0
20110501 175031980,264.540000,264.690000,0
20110501 175542163,264.550000,264.700000,0
20110501 182721933,264.570000,264.720000,0
20110501 182744277,264.580000,264.730000,0
20110501 182833090,264.460000,264.610000,0
20110501 182834463,264.250000,264.400000,0
20110501 182835497,264.180000,264.330000,0
20110501 182836527,264.170000,264.320000,0
20110501 182837213,264.160000,264.310000,0
20110501 182839963,264.150000,264.300000,0
20110501 225632837,264.130000,264.280000,0
20110501 225633507,264.150000,264.300000,0
20110501 225634897,264.130000,264.280000,0
20110501 225635587,264.120000,264.270000,0
20110501 225637977,264.140000,264.290000,0
20110501 225638303,264.130000,264.280000,0
20110501 225638993,264.110000,264.260000,0
20110501 225641773,264.120000,264.270000,0
20110501 225642460,264.130000,264.280000,0
20110501 225643803,264.150000,264.300000,0
20110501 225644147,264.130000,264.280000,0
20110501 225644837,264.120000,264.270000,0
20110501 225648960,264.150000,264.300000,0
20110501 225649303,264.130000,264.280000,0
20110501 225649680,264.140000,264.290000,0
20110501 225650710,264.130000,264.280000,0
20110501 225651367,264.140000,264.290000,0
20110501 225654493,264.150000,264.300000,0
20110501 225741210,264.130000,264.280000,0
20110501 225742240,264.140000,264.290000,0
20110501 225743303,264.150000,264.300000,0
20110501 225753913,264.140000,264.290000,0
20110501 225755303,264.130000,264.280000,0
20110501 225755647,264.150000,264.300000,0
20110501 225755990,264.140000,264.290000,0
20110501 225801523,264.150000,264.300000,0
20110501 231307610,264.140000,264.290000,0
20110501 231309000,264.150000,264.300000,0
20110501 231309690,264.140000,264.290000,0
20110501 231310703,264.130000,264.280000,0
20110501 231313813,264.150000,264.300000,0
20110501 231314143,264.130000,264.280000,0
20110501 231314487,264.120000,264.270000,0
20110501 231314847,264.110000,264.260000,0
20110501 231317610,264.090000,264.240000,0
20110501 231318297,264.110000,264.260000,0
20110501 231318953,264.120000,264.270000,0
20110501 231319643,264.130000,264.280000,0
20110501 231321047,264.120000,264.270000,0
20110501 231322063,264.150000,264.300000,0
20110501 231322407,264.140000,264.290000,0
20110501 231323080,264.150000,264.300000,0
20110501 231332737,264.140000,264.290000,0
20110501 231333423,264.130000,264.280000,0
20110501 231333737,264.140000,264.290000,0
20110501 231334423,264.150000,264.300000,0
20110501 231336830,264.140000,264.290000,0
20110501 231338923,264.150000,264.300000,0
20110501 231353330,264.140000,264.290000,0
20110501 231400203,264.150000,264.300000,0
20110502 012453847,264.170000,264.320000,0
20110502 012454190,264.190000,264.340000,0
20110502 012612223,264.310000,264.460000,0
20110502 012613940,264.410000,264.560000,0
20110502 012615317,264.460000,264.610000,0
20110502 012616347,264.470000,264.620000,0
20110502 012617723,264.460000,264.610000,0
20110502 012618410,264.450000,264.600000,0
20110502 012620130,264.430000,264.580000,0
20110502 013023653,264.450000,264.600000,0
20110502 013321370,264.430000,264.580000,0
20110502 013322403,264.440000,264.590000,0
20110502 013323777,264.450000,264.600000,0
20110502 013327217,264.460000,264.610000,0
20110502 013329607,264.430000,264.580000,0
20110502 013332717,264.460000,264.610000,0
20110502 013334417,264.480000,264.630000,0
20110502 013518590,264.470000,264.620000,0
20110502 013519263,264.480000,264.630000,0
20110502 013522717,264.470000,264.620000,0
20110502 013531997,264.460000,264.610000,0
20110502 013534433,264.470000,264.620000,0
20110502 013553653,264.460000,264.610000,0
20110502 013601217,264.470000,264.620000,0
20110502 013606717,264.460000,264.610000,0
20110502 013711683,264.420000,264.570000,0
20110502 013712027,264.400000,264.500000,0
20110502 013720967,264.320000,264.470000,0
20110502 013721653,264.310000,264.460000,0
20110502 013722667,264.440000,264.590000,0
20110502 013723027,264.460000,264.610000,0
20110502 013756717,264.450000,264.600000,0
20110502 013757747,264.460000,264.610000,0
20110502 013805997,264.450000,264.600000,0
20110502 013806340,264.430000,264.580000,0
20110502 014148403,264.460000,264.610000,0
20110502 014210403,264.450000,264.600000,0
20110502 014210747,264.460000,264.610000,0
20110502 014317090,264.450000,264.600000,0
20110502 014350433,264.440000,264.590000,0
20110502 014352870,264.430000,264.580000,0
20110502 014355620,264.420000,264.570000,0
20110502 014357293,264.410000,264.560000,0
20110502 014359370,264.510000,264.660000,0
20110502 014400747,264.680000,264.830000,0
20110502 014404217,264.570000,264.720000,0
20110502 014404870,264.650000,264.800000,0
20110502 014554527,264.590000,264.740000,0
20110502 014635417,264.580000,264.730000,0
20110502 014735933,264.570000,264.720000,0
20110502 014736620,264.550000,264.700000,0
20110502 015020590,264.620000,264.770000,0
20110502 015021277,264.610000,264.760000,0
20110502 015203403,264.600000,264.700000,0
20110502 015326560,264.580000,264.730000,0
20110502 015331717,264.560000,264.710000,0
20110502 015332060,264.550000,264.700000,0
20110502 015503497,264.530000,264.670000,0
20110502 015941590,264.510000,264.650000,0
20110502 015943997,264.510000,264.640000,0
20110502 015956717,264.500000,264.620000,0
20110502 015958090,264.480000,264.620000,0
20110502 015959467,264.470000,264.620000,0
20110502 020000857,264.440000,264.590000,0
20110502 020503340,264.500000,264.650000,0
20110502 021520367,264.430000,264.550000,0
20110502 021521397,264.430000,264.530000,0
20110502 021637040,264.230000,264.380000,0
20110502 021638413,264.350000,264.480000,0
20110502 021639100,264.350000,264.500000,0
20110502 021640133,264.350000,264.460000,0
20110502 022106193,264.330000,264.430000,0
20110502 022107223,264.330000,264.410000,0
20110502 022150210,264.200000,264.350000,0
20110502 022150897,264.150000,264.300000,0
20110502 022203270,264.120000,264.260000,0
20110502 022215647,264.150000,264.300000,0
20110502 022423177,264.250000,264.400000,0
20110502 022424207,264.250000,264.380000,0
20110502 022424897,264.250000,264.350000,0
20110502 022425583,264.250000,264.340000,0
20110502 022509583,264.250000,264.300000,0
20110502 022509927,264.180000,264.290000,0
20110502 022519897,264.180000,264.300000,0
20110502 022522300,264.260000,264.360000,0
20110502 022523677,264.260000,264.350000,0
20110502 022524707,264.180000,264.290000,0
20110502 022525737,264.180000,264.300000,0
20110502 022529177,264.240000,264.340000,0
20110502 023011393,264.150000,264.290000,0
20110502 023012017,264.150000,264.300000,0
20110502 023021017,264.210000,264.330000,0
20110502 023022050,264.210000,264.320000,0
20110502 023026517,264.220000,264.320000,0
20110502 023052330,264.210000,264.260000,0
20110502 023441593,264.160000,264.240000,0
20110502 023447453,264.210000,264.260000,0
20110502 023518360,264.130000,264.210000,0
20110502 023519737,264.130000,264.200000,0
20110502 023539673,264.110000,264.190000,0
20110502 023544483,264.100000,264.180000,0
20110502 023546890,264.060000,264.160000,0
20110502 023548267,264.060000,264.170000,0
20110502 023551360,264.030000,264.090000,0
20110502 023553407,264.030000,264.080000,0
20110502 023604077,263.990000,264.040000,0
20110502 023604767,263.950000,264.000000,0
20110502 023606827,263.920000,263.970000,0
20110502 023607173,263.900000,263.950000,0
20110502 023608877,263.890000,263.940000,0
20110502 023609577,263.550000,263.700000,0
20110502 023613017,263.830000,263.980000,0
20110502 023613360,263.880000,264.030000,0
20110502 023614047,263.870000,264.020000,0
20110502 023614733,263.810000,263.960000,0
20110502 023616110,263.800000,263.950000,0
20110502 023616453,263.820000,263.950000,0
20110502 023617140,263.830000,263.950000,0
20110502 023644280,263.850000,264.000000,0
20110502 023646017,263.840000,263.990000,0
20110502 023651860,263.860000,264.000000,0
20110502 023652547,263.860000,263.990000,0
20110502 023712140,263.860000,263.980000,0
20110502 023714530,263.860000,263.970000,0
20110502 023726920,263.920000,263.970000,0
20110502 023727250,263.920000,264.010000,0
20110502 024113450,263.930000,264.010000,0
20110502 024115547,263.930000,264.000000,0
20110502 024119623,263.930000,263.990000,0
20110502 024614917,263.910000,263.990000,0
20110502 024628323,263.930000,264.080000,0
20110502 024804573,263.920000,263.990000,0
20110502 024806293,263.920000,263.980000,0
20110502 024818323,263.920000,263.970000,0
20110502 024825887,263.910000,263.970000,0
20110502 024826230,263.860000,263.940000,0
20110502 024827293,263.870000,263.950000,0
20110502 024828637,263.870000,263.940000,0
20110502 024828980,263.870000,263.950000,0
20110502 024829323,263.860000,263.940000,0
20110502 024830697,263.860000,263.930000,0
20110502 024843447,263.850000,263.920000,0
20110502 024847557,263.850000,263.910000,0
20110502 024855793,263.840000,263.900000,0
20110502 024858543,263.830000,263.890000,0
20110502 024903683,263.830000,263.880000,0
20110502 024912293,263.870000,263.920000,0
20110502 024912620,263.880000,263.930000,0
20110502 024919853,263.870000,263.920000,0
20110502 024920197,263.850000,263.900000,0
20110502 024921573,263.860000,263.910000,0
20110502 024921917,263.940000,263.990000,0
20110502 024922947,263.950000,264.040000,0
20110502 024923637,263.870000,263.920000,0
20110502 024923980,263.850000,263.900000,0
20110502 024925027,263.830000,263.880000,0
20110502 024925370,263.850000,263.900000,0
20110502 024926387,263.860000,263.910000,0
20110502 024927417,263.850000,263.900000,0
20110502 024928447,263.860000,263.990000,0
20110502 024929137,263.900000,264.010000,0
20110502 024930197,263.900000,264.020000,0
20110502 024931197,263.800000,263.900000,0
20110502 024932230,263.800000,263.860000,0
20110502 024932603,263.800000,263.850000,0
20110502 024933603,263.780000,263.830000,0
20110502 024934650,263.730000,263.780000,0
20110502 024935010,263.710000,263.760000,0
20110502 024935353,263.700000,263.750000,0
20110502 024937043,263.670000,263.720000,0
20110502 024941150,263.710000,263.760000,0
20110502 024941510,263.730000,263.790000,0
20110502 024942197,263.720000,263.790000,0
20110502 024942543,263.710000,263.760000,0
20110502 024943917,263.720000,263.770000,0
20110502 024952167,263.760000,263.810000,0
20110502 024952510,263.770000,263.820000,0
20110502 024958010,263.740000,263.790000,0
20110502 024958353,263.710000,263.760000,0
20110502 024959040,263.720000,263.770000,0
20110502 025000760,263.730000,263.780000,0
20110502 025001103,263.730000,263.790000,0
20110502 025002137,263.750000,263.800000,0
20110502 025002480,263.750000,263.820000,0
20110502 025003510,263.750000,263.810000,0
20110502 025005230,263.750000,263.800000,0
20110502 025143887,263.770000,263.830000,0
20110502 025144260,263.790000,263.840000,0
20110502 025145260,263.780000,263.830000,0
20110502 025213087,263.790000,263.840000,0
20110502 025216197,263.750000,263.800000,0
20110502 025230290,263.770000,263.820000,0
20110502 025230633,263.780000,263.830000,0
20110502 025405853,263.790000,263.840000,0
20110502 025423383,263.830000,263.880000,0
20110502 025424070,263.850000,263.940000,0
20110502 025425103,263.850000,263.990000,0
20110502 025427853,263.860000,263.990000,0
20110502 025430603,263.800000,263.870000,0
20110502 025431290,263.800000,263.850000,0
20110502 025436103,263.790000,263.840000,0
20110502 025908693,263.800000,263.850000,0
20110502 030000630,263.790000,263.840000,0
20110502 030917033,263.820000,263.870000,0
20110502 030917473,263.830000,263.880000,0
20110502 030920567,263.800000,263.850000,0
20110502 030947033,263.820000,263.870000,0
20110502 030950127,263.800000,263.850000,0
20110502 030957690,263.850000,263.900000,0
20110502 030959067,263.870000,264.020000,0
20110502 031001470,263.880000,264.020000,0
20110502 031023470,263.900000,264.030000,0
20110502 031024160,263.900000,264.010000,0
20110502 031239267,263.930000,264.080000,0
20110502 031344563,263.940000,264.090000,0
20110502 031430627,263.880000,264.010000,0
20110502 031430970,263.880000,263.980000,0
20110502 031616843,263.860000,263.980000,0
20110502 031617000,263.860000,263.960000,0
20110502 031619593,263.860000,263.970000,0
20110502 031619937,263.860000,263.960000,0
20110502 031821623,263.870000,263.960000,0
20110502 031855313,263.880000,263.980000,0
20110502 032005093,263.890000,263.980000,0
20110502 032025060,263.900000,264.000000,0
20110502 032028497,263.890000,263.990000,0
20110502 032040843,263.900000,263.990000,0
20110502 032042217,263.940000,264.040000,0
20110502 032042560,263.950000,264.040000,0
20110502 032043280,263.960000,264.040000,0
20110502 032043607,263.950000,264.040000,0
20110502 032044983,263.960000,264.040000,0
20110502 032122437,263.930000,264.040000,0
20110502 032122780,263.930000,264.030000,0
20110502 032127937,263.940000,264.040000,0
20110502 032230840,263.950000,264.040000,0
20110502 032409153,263.940000,263.990000,0
20110502 032409497,263.880000,263.930000,0
20110502 032423247,263.830000,263.920000,0
20110502 032423590,263.820000,263.900000,0
20110502 032425637,263.830000,263.920000,0
20110502 032507590,263.880000,263.930000,0
20110502 032507933,263.890000,263.970000,0
20110502 032516217,263.890000,263.990000,0
20110502 032539217,263.830000,263.920000,0
20110502 032541967,263.880000,263.970000,0
20110502 032542293,263.890000,263.970000,0
20110502 032544027,263.890000,263.990000,0
20110502 032626653,263.920000,264.030000,0
20110502 032628027,263.900000,264.040000,0
20110502 032725090,263.900000,264.050000,0
20110502 032725433,263.900000,264.040000,0
20110502 033006980,263.870000,264.000000,0
20110502 033007340,263.870000,263.970000,0
20110502 033009747,263.900000,264.030000,0
20110502 033010090,263.910000,264.030000,0
20110502 033011463,263.900000,264.040000,0
20110502 033012497,263.910000,264.040000,0
20110502 033013527,263.870000,264.020000,0
20110502 033014213,263.880000,264.030000,0
20110502 033023150,263.830000,263.930000,0
20110502 033026587,263.820000,263.930000,0
20110502 033026933,263.820000,263.920000,0
20110502 033038277,263.800000,263.920000,0
20110502 033038620,263.800000,263.900000,0
20110502 033039307,263.810000,263.900000,0
20110502 033041370,263.830000,263.920000,0
20110502 033041713,263.850000,263.920000,0
20110502 033042040,263.850000,263.940000,0
20110502 033042747,263.800000,263.890000,0
20110502 033044120,263.790000,263.890000,0
20110502 033045150,263.770000,263.890000,0
20110502 033045497,263.770000,263.870000,0
20110502 033047213,263.780000,263.870000,0
20110502 033047540,263.730000,263.830000,0
20110502 033049963,263.760000,263.830000,0
20110502 033050307,263.760000,263.850000,0
20110502 033050637,263.810000,263.860000,0
20110502 033050997,263.810000,263.890000,0
20110502 033051337,263.750000,263.900000,0
20110502 033051667,263.750000,263.850000,0
20110502 033052370,263.770000,263.850000,0
20110502 033053400,263.790000,263.850000,0
20110502 033054433,263.800000,263.850000,0
20110502 033103027,263.810000,263.910000,0
20110502 033104057,263.830000,263.950000,0
20110502 033104400,263.860000,264.010000,0
20110502 033125370,263.800000,263.910000,0
20110502 033125713,263.800000,263.860000,0
20110502 033127777,263.760000,263.860000,0
20110502 033203870,263.760000,263.840000,0
20110502 033205243,263.760000,263.830000,0
20110502 033226900,263.700000,263.800000,0
20110502 033227930,263.710000,263.800000,0
20110502 033228947,263.700000,263.800000,0
20110502 033342867,263.730000,263.820000,0
20110502 033343930,263.730000,263.830000,0
20110502 033344917,263.730000,263.820000,0
20110502 033743493,263.710000,263.800000,0
20110502 033753460,263.700000,263.800000,0
20110502 033801383,263.700000,263.790000,0
20110502 033810647,263.700000,263.800000,0
20110502 033812367,263.710000,263.800000,0
20110502 033827837,263.730000,263.820000,0
20110502 034413647,263.810000,263.880000,0
20110502 034414333,263.820000,263.920000,0
20110502 034414707,263.850000,264.000000,0
20110502 034445613,263.760000,263.910000,0
20110502 034445957,263.750000,263.850000,0
20110502 034447660,263.810000,263.950000,0
20110502 034448020,263.840000,263.960000,0
20110502 034448363,263.840000,263.930000,0
20110502 034449397,263.840000,263.910000,0
20110502 034459363,263.780000,263.920000,0
20110502 034459707,263.780000,263.880000,0
20110502 034503177,263.770000,263.870000,0
20110502 034506583,263.790000,263.900000,0
20110502 034506943,263.800000,263.900000,0
20110502 034507270,263.810000,263.900000,0
20110502 034516897,263.800000,263.890000,0
20110502 034517927,263.810000,263.900000,0
20110502 034521693,263.780000,263.870000,0
20110502 034524113,263.800000,263.890000,0
20110502 034541287,263.800000,263.900000,0
20110502 034541647,263.810000,263.910000,0
20110502 034541990,263.860000,263.910000,0
20110502 034542333,263.860000,263.940000,0
20110502 034542677,263.880000,264.030000,0
20110502 035526343,263.910000,264.060000,0
20110502 035532890,263.900000,264.050000,0
20110502 035535640,263.920000,264.070000,0
20110502 035607610,263.940000,264.090000,0
20110502 035607953,263.930000,264.050000,0
20110502 035608297,263.950000,264.050000,0
20110502 035610360,263.940000,264.050000,0
20110502 035610703,263.940000,264.040000,0
20110502 035615860,263.940000,264.050000,0
20110502 035616547,263.950000,264.050000,0
20110502 035619987,263.940000,264.050000,0
20110502 035620327,263.940000,264.040000,0
20110502 035828890,263.920000,264.000000,0
20110502 035831983,263.920000,263.980000,0
20110502 035832327,263.920000,263.970000,0
20110502 035834373,263.870000,263.980000,0
20110502 035834733,263.880000,263.980000,0
20110502 035836110,263.870000,263.980000,0
20110502 035836453,263.870000,263.970000,0
20110502 035837123,263.880000,263.970000,0
20110502 035900860,263.860000,263.950000,0
20110502 035939017,263.800000,263.910000,0
20110502 035939357,263.800000,263.900000,0
20110502 040021640,263.810000,263.900000,0
20110502 040023013,263.800000,263.900000,0
20110502 040219890,263.810000,263.900000,0
20110502 040259420,263.800000,263.880000,0
20110502 040321420,263.860000,263.930000,0
20110502 040322797,263.860000,263.960000,0
20110502 040323137,263.890000,264.040000,0
20110502 040326233,263.880000,264.030000,0
20110502 040333107,263.860000,264.000000,0
20110502 040334810,263.860000,264.010000,0
20110502 040337920,263.850000,264.000000,0
20110502 040343060,263.860000,264.010000,0
20110502 040348233,263.870000,264.020000,0
20110502 040520357,263.840000,263.980000,0
20110502 040520683,263.840000,263.950000,0
20110502 040523450,263.840000,263.940000,0
20110502 040700043,263.810000,263.940000,0
20110502 040702450,263.830000,263.940000,0
20110502 040708980,263.840000,263.940000,0
20110502 041301320,263.840000,263.950000,0
20110502 041301667,263.850000,263.950000,0
20110502 041315760,263.850000,263.960000,0
20110502 041316103,263.850000,263.950000,0
20110502 041829943,263.850000,263.960000,0
20110502 041830287,263.850000,263.950000,0
20110502 042047770,263.850000,263.960000,0
20110502 042048127,263.860000,263.960000,0
20110502 042242597,263.850000,263.960000,0
20110502 042242940,263.850000,263.950000,0
20110502 044209613,263.850000,263.960000,0
20110502 044209957,263.850000,263.950000,0
20110502 044213393,263.840000,263.950000,0
20110502 044213737,263.840000,263.940000,0
20110502 044216143,263.850000,263.950000,0
20110502 044308393,263.840000,263.950000,0
20110502 044308720,263.840000,263.940000,0
20110502 044349643,263.830000,263.940000,0
20110502 044349987,263.830000,263.930000,0
20110502 044351000,263.840000,263.930000,0
20110502 044431580,263.830000,263.930000,0
20110502 044449110,263.830000,263.920000,0
20110502 044450140,263.830000,263.930000,0
20110502 045028387,263.860000,263.950000,0
20110502 045029073,263.910000,264.060000,0
20110502 045029417,263.930000,264.080000,0
20110502 045031137,263.920000,264.070000,0
20110502 045046260,263.900000,264.040000,0
20110502 045046590,263.900000,264.000000,0
20110502 045050387,263.900000,263.970000,0
20110502 045326103,263.870000,263.970000,0
20110502 045332307,263.900000,263.970000,0
20110502 045522290,263.900000,263.950000,0
20110502 045614180,263.830000,263.920000,0
20110502 045620037,263.830000,263.930000,0
20110502 045728100,263.850000,263.940000,0
20110502 045941817,263.830000,263.930000,0
20110502 050009317,263.850000,263.940000,0
20110502 050011723,263.830000,263.930000,0
20110502 050012397,263.850000,263.950000,0
20110502 050012753,263.830000,263.930000,0
20110502 050014130,263.810000,263.900000,0
20110502 050015160,263.850000,263.950000,0
20110502 050016863,263.820000,263.900000,0
20110502 050017223,263.830000,263.900000,0
20110502 050018940,263.850000,263.950000,0
20110502 050019287,263.850000,263.910000,0
20110502 050019630,263.750000,263.850000,0
20110502 050020317,263.760000,263.850000,0
20110502 050026863,263.780000,263.870000,0
20110502 050027177,263.800000,263.870000,0
20110502 050027880,263.800000,263.900000,0
20110502 050032690,263.800000,263.910000,0
20110502 050033020,263.810000,263.910000,0
20110502 050037160,263.820000,263.910000,0
20110502 050037503,263.820000,263.940000,0
20110502 050042300,263.820000,263.930000,0
20110502 050043003,263.830000,263.940000,0
20110502 050043347,263.840000,263.940000,0
20110502 050317347,263.840000,263.950000,0
20110502 050317690,263.840000,263.940000,0
20110502 050321813,263.840000,263.950000,0
20110502 050322157,263.840000,263.940000,0
20110502 050442937,263.860000,263.940000,0
20110502 050443313,263.870000,263.970000,0
20110502 050445343,263.870000,263.960000,0
20110502 050449127,263.850000,263.940000,0
20110502 050449797,263.860000,263.970000,0
20110502 050450500,263.860000,263.960000,0
20110502 050450843,263.840000,263.940000,0
20110502 050454970,263.870000,263.970000,0
20110502 050501843,263.900000,263.970000,0
20110502 050652873,263.870000,263.940000,0
20110502 050735843,263.840000,263.940000,0
20110502 050742373,263.870000,263.940000,0
20110502 050820873,263.860000,263.950000,0
20110502 050821200,263.860000,263.940000,0
20110502 050822247,263.870000,263.940000,0
20110502 050828090,263.870000,263.960000,0
20110502 050839090,263.880000,263.960000,0
20110502 050839437,263.880000,263.980000,0
20110502 050839810,263.880000,263.990000,0
20110502 050840153,263.880000,263.980000,0
20110502 050840810,263.890000,263.990000,0
20110502 050842887,263.900000,263.990000,0
20110502 051020840,263.910000,264.000000,0
20110502 051053840,263.910000,264.010000,0
20110502 051055217,263.950000,264.010000,0
20110502 051056247,263.960000,264.010000,0
20110502 051057277,263.970000,264.020000,0
20110502 051138183,263.950000,264.000000,0
20110502 051142980,263.940000,263.990000,0
20110502 051153307,263.870000,263.920000,0
20110502 051155370,263.860000,263.910000,0
20110502 051156057,263.860000,263.920000,0
20110502 051157090,263.880000,263.930000,0
20110502 051158120,263.880000,263.940000,0
20110502 051202933,263.880000,263.950000,0
20110502 051236620,263.850000,263.950000,0
20110502 051242120,263.880000,263.950000,0
20110502 051437963,263.850000,263.950000,0
20110502 051444133,263.880000,263.950000,0
20110502 051455150,263.910000,263.960000,0
20110502 051644850,263.860000,263.950000,0
20110502 051651383,263.910000,263.960000,0
20110502 051724380,263.860000,263.950000,0
20110502 051730177,263.910000,263.960000,0
20110502 051814880,263.920000,263.990000,0
20110502 051815913,263.910000,263.990000,0
20110502 051817287,263.940000,263.990000,0
20110502 051818317,263.950000,264.000000,0
20110502 051827943,263.930000,263.980000,0
20110502 051900257,263.910000,263.960000,0
20110502 051903007,263.890000,263.940000,0
20110502 051904723,263.910000,263.960000,0
20110502 051905067,263.880000,263.930000,0
20110502 051914007,263.880000,263.950000,0
20110502 051914693,263.880000,263.930000,0
20110502 051924317,263.880000,263.950000,0
20110502 051929817,263.850000,263.950000,0
20110502 051935317,263.910000,263.960000,0
20110502 051940473,263.870000,263.920000,0
20110502 052012787,263.870000,263.930000,0
20110502 052033067,263.870000,263.920000,0
20110502 052042037,263.860000,263.910000,0
20110502 052043380,263.870000,263.920000,0
20110502 052113287,263.850000,263.900000,0
20110502 052117393,263.860000,263.910000,0
20110502 052118097,263.860000,263.950000,0
20110502 052118427,263.850000,263.960000,0
20110502 052118800,263.850000,263.950000,0
20110502 052122567,263.810000,263.940000,0
20110502 052123597,263.800000,263.950000,0
20110502 052125300,263.910000,263.960000,0
20110502 052126347,263.880000,263.950000,0
20110502 052127377,263.880000,263.960000,0
20110502 052127723,263.880000,263.950000,0
20110502 052129097,263.900000,263.950000,0
20110502 052130127,263.910000,263.960000,0
20110502 052138377,263.910000,263.970000,0
20110502 052138723,263.910000,263.960000,0
20110502 052139410,263.920000,263.970000,0
20110502 052142143,263.910000,263.960000,0
20110502 052215160,263.920000,263.970000,0
20110502 052225127,263.930000,263.980000,0
20110502 052233377,263.920000,263.970000,0
20110502 052237160,263.910000,263.960000,0
20110502 052404127,263.920000,263.970000,0
20110502 052409627,263.920000,263.980000,0
20110502 052411000,263.930000,263.980000,0
20110502 052511157,263.940000,263.990000,0
20110502 052514593,263.930000,263.980000,0
20110502 052515627,263.930000,263.990000,0
20110502 052517343,263.940000,263.990000,0
20110502 052518377,263.950000,264.000000,0
20110502 052519750,263.950000,264.010000,0
20110502 052520797,263.950000,264.000000,0
20110502 052522157,263.960000,264.010000,0
20110502 052552063,263.950000,264.000000,0
20110502 052553093,263.960000,264.010000,0
20110502 052642953,263.950000,264.000000,0
20110502 052644313,263.960000,264.010000,0
20110502 052814030,263.940000,263.990000,0
20110502 052921387,263.920000,263.970000,0
20110502 053001623,263.940000,263.990000,0
20110502 053006123,263.920000,263.970000,0
20110502 053017777,263.930000,263.980000,0
20110502 053023277,263.930000,264.000000,0
20110502 053024310,263.950000,264.000000,0
20110502 053025340,263.960000,264.010000,0
20110502 053026717,263.950000,264.000000,0
20110502 053028090,263.960000,264.010000,0
20110502 053031527,263.950000,264.000000,0
20110502 053046340,263.950000,264.010000,0
20110502 053144057,263.950000,264.000000,0
20110502 053158137,263.900000,263.990000,0
20110502 053204340,263.920000,263.970000,0
20110502 053207433,263.900000,263.950000,0
20110502 053231527,263.840000,263.930000,0
20110502 053237323,263.900000,263.950000,0
20110502 053313417,263.920000,263.980000,0
20110502 053322370,263.920000,263.970000,0
20110502 053323743,263.920000,263.980000,0
20110502 053331993,263.880000,263.980000,0
20110502 053338180,263.920000,263.980000,0
20110502 053347807,263.930000,264.020000,0
20110502 053348837,263.930000,264.080000,0
20110502 053352277,263.950000,264.100000,0
20110502 053353323,263.980000,264.100000,0
20110502 053354370,264.000000,264.100000,0
20110502 053355370,264.010000,264.100000,0
20110502 053435587,264.000000,264.100000,0
20110502 053435917,264.000000,264.090000,0
20110502 053517883,264.000000,264.100000,0
20110502 053518570,264.010000,264.100000,0
20110502 053519960,264.010000,264.090000,0
20110502 053520290,264.020000,264.090000,0
20110502 053522337,264.020000,264.100000,0
20110502 053528523,264.010000,264.100000,0
20110502 053528883,264.010000,264.090000,0
20110502 053530227,264.040000,264.090000,0
20110502 053531290,264.050000,264.100000,0
20110502 053601180,263.990000,264.090000,0
20110502 053607350,264.050000,264.100000,0
20110502 053717490,264.030000,264.090000,0
20110502 053717820,264.030000,264.080000,0
20110502 053718523,264.030000,264.090000,0
20110502 053720227,264.040000,264.090000,0
20110502 053721273,264.050000,264.100000,0
20110502 053728820,264.030000,264.090000,0
20110502 053729523,264.030000,264.080000,0
20110502 053735007,264.030000,264.090000,0
20110502 053736397,264.040000,264.090000,0
20110502 053737087,264.050000,264.100000,0
20110502 053756677,264.010000,264.090000,0
20110502 053811803,264.010000,264.100000,0
20110502 053812490,264.010000,264.090000,0
20110502 053813177,264.040000,264.090000,0
20110502 053814210,264.050000,264.100000,0
20110502 054516673,263.990000,264.090000,0
20110502 054523220,264.050000,264.100000,0
20110502 054551737,264.050000,264.120000,0
20110502 054553110,264.070000,264.120000,0
20110502 054554140,264.080000,264.130000,0
20110502 054919717,264.060000,264.110000,0
20110502 054920030,264.050000,264.100000,0
20110502 054923467,264.060000,264.110000,0
20110502 054923827,264.060000,264.130000,0
20110502 054925530,264.060000,264.120000,0
20110502 054927247,264.080000,264.130000,0
20110502 054927590,264.070000,264.120000,0
20110502 054927950,264.070000,264.140000,0
20110502 054929327,264.090000,264.140000,0
20110502 054930357,264.100000,264.150000,0
20110502 055028107,264.090000,264.140000,0
20110502 055029857,264.030000,264.120000,0
20110502 055036340,264.090000,264.140000,0
20110502 055101450,264.100000,264.150000,0
20110502 055125857,264.090000,264.140000,0
20110502 055155073,264.080000,264.130000,0
20110502 055157480,264.070000,264.120000,0
20110502 055223260,264.070000,264.130000,0
20110502 055228073,264.060000,264.130000,0
20110502 055228417,264.060000,264.140000,0
20110502 055229103,264.080000,264.140000,0
20110502 055229793,264.090000,264.140000,0
20110502 055231167,264.100000,264.150000,0
20110502 055354353,264.110000,264.160000,0
20110502 055406383,264.090000,264.140000,0
20110502 055407073,264.090000,264.150000,0
20110502 055653100,264.110000,264.160000,0
20110502 060010397,264.050000,264.150000,0
20110502 060016257,264.110000,264.160000,0
20110502 060024847,264.100000,264.170000,0
20110502 060026223,264.120000,264.170000,0
20110502 060027257,264.130000,264.180000,0
20110502 060407253,264.080000,264.170000,0
20110502 060413097,264.130000,264.180000,0
20110502 060449877,264.150000,264.200000,0
20110502 060740717,264.180000,264.230000,0
20110502 060741750,264.190000,264.340000,0
20110502 060747593,264.160000,264.300000,0
20110502 060747937,264.160000,264.250000,0
20110502 060751357,264.180000,264.250000,0
20110502 060752060,264.160000,264.250000,0
20110502 060753780,264.180000,264.270000,0
20110502 060754810,264.170000,264.260000,0
20110502 060755157,264.160000,264.260000,0
20110502 060755500,264.160000,264.250000,0
20110502 060758593,264.180000,264.280000,0
20110502 060806843,264.200000,264.280000,0
20110502 060835373,264.180000,264.280000,0
20110502 060836407,264.200000,264.280000,0
20110502 060908373,264.180000,264.280000,0
20110502 060908700,264.200000,264.280000,0
20110502 060941700,264.160000,264.260000,0
20110502 060942060,264.160000,264.250000,0
20110502 061045997,264.180000,264.250000,0
20110502 061048060,264.200000,264.250000,0
20110502 061048403,264.200000,264.290000,0
20110502 061051153,264.210000,264.290000,0
20110502 061052183,264.220000,264.290000,0
20110502 061232933,264.200000,264.290000,0
20110502 061239073,264.220000,264.290000,0
20110502 061330290,264.200000,264.290000,0
20110502 061330650,264.220000,264.290000,0
20110502 061438713,264.200000,264.290000,0
20110502 061440447,264.220000,264.290000,0
20110502 061448337,264.200000,264.290000,0
20110502 061506557,264.220000,264.290000,0
20110502 061635587,264.220000,264.300000,0
20110502 061637307,264.230000,264.300000,0
20110502 061701023,264.210000,264.300000,0
20110502 061931583,264.200000,264.290000,0
20110502 061958053,264.210000,264.300000,0
20110502 062204207,264.200000,264.300000,0
20110502 062710190,264.190000,264.290000,0
20110502 062947970,264.170000,264.260000,0
20110502 063013750,264.190000,264.290000,0
20110502 063036780,264.200000,264.300000,0
20110502 063317297,264.200000,264.290000,0
20110502 063329343,264.190000,264.290000,0
20110502 063336903,264.220000,264.320000,0
20110502 063337247,264.230000,264.320000,0
20110502 063337593,264.230000,264.350000,0
20110502 063452873,264.240000,264.350000,0
20110502 063453560,264.250000,264.350000,0
20110502 063454933,264.260000,264.350000,0
20110502 063525857,264.280000,264.350000,0
20110502 063528263,264.260000,264.350000,0
20110502 063531717,264.270000,264.400000,0
20110502 063532403,264.280000,264.430000,0
20110502 063534120,264.290000,264.430000,0
20110502 063600247,264.280000,264.380000,0
20110502 063600590,264.280000,264.350000,0
20110502 063601277,264.270000,264.350000,0
20110502 063601620,264.280000,264.380000,0
20110502 063602307,264.300000,264.380000,0
20110502 063603340,264.320000,264.380000,0
20110502 063604027,264.320000,264.370000,0
20110502 063604370,264.320000,264.380000,0
20110502 063622247,264.320000,264.390000,0
20110502 063743400,264.340000,264.390000,0
20110502 063808120,264.320000,264.390000,0
20110502 063814650,264.340000,264.390000,0
20110502 063818777,264.320000,264.390000,0
20110502 063820837,264.340000,264.390000,0
20110502 063926150,264.320000,264.390000,0
20110502 063939227,264.340000,264.390000,0
20110502 064004650,264.320000,264.390000,0
20110502 064006383,264.330000,264.390000,0
20110502 064048993,264.310000,264.360000,0
20110502 064125430,264.320000,264.370000,0
20110502 064256850,264.320000,264.380000,0
20110502 064258240,264.340000,264.390000,0
20110502 064549097,264.330000,264.380000,0
20110502 064602503,264.340000,264.390000,0
20110502 064603537,264.330000,264.380000,0
20110502 064615253,264.340000,264.390000,0
20110502 064724660,264.290000,264.380000,0
20110502 064728097,264.310000,264.400000,0
20110502 064729127,264.310000,264.440000,0
20110502 064731190,264.350000,264.440000,0
20110502 064741160,264.340000,264.450000,0
20110502 064741847,264.350000,264.450000,0
20110502 064742190,264.370000,264.450000,0
20110502 064743220,264.380000,264.450000,0
20110502 064747690,264.370000,264.470000,0
20110502 064754207,264.410000,264.470000,0
20110502 064757660,264.410000,264.480000,0
20110502 064759377,264.420000,264.480000,0
20110502 064802817,264.380000,264.450000,0
20110502 064803160,264.360000,264.450000,0
20110502 064803487,264.330000,264.450000,0
20110502 064804877,264.390000,264.540000,0
20110502 064806940,264.490000,264.640000,0
20110502 064809347,264.410000,264.560000,0
20110502 064810377,264.450000,264.600000,0
20110502 064812097,264.470000,264.620000,0
20110502 064815190,264.480000,264.630000,0
20110502 064818627,264.470000,264.620000,0
20110502 064819317,264.500000,264.640000,0
20110502 064823097,264.510000,264.640000,0
20110502 064824817,264.510000,264.590000,0
20110502 064825503,264.510000,264.560000,0
20110502 064827567,264.480000,264.560000,0
20110502 064908470,264.480000,264.550000,0
20110502 064910907,264.500000,264.550000,0
20110502 064929097,264.480000,264.550000,0
20110502 064937347,264.500000,264.550000,0
20110502 064943190,264.480000,264.550000,0
20110502 064944907,264.500000,264.550000,0
20110502 064954877,264.480000,264.550000,0
20110502 065036843,264.500000,264.550000,0
20110502 065045750,264.480000,264.550000,0
20110502 065213407,264.460000,264.550000,0
20110502 065214437,264.480000,264.550000,0
20110502 065217203,264.450000,264.550000,0
20110502 065223373,264.460000,264.550000,0
20110502 065225797,264.480000,264.550000,0
20110502 065242967,264.460000,264.550000,0
20110502 065323873,264.480000,264.550000,0
20110502 065324903,264.460000,264.550000,0
20110502 065335217,264.480000,264.550000,0
20110502 065347937,264.460000,264.550000,0
20110502 065349670,264.480000,264.550000,0
20110502 065350343,264.460000,264.550000,0
20110502 065356187,264.480000,264.550000,0
20110502 065403403,264.460000,264.550000,0
20110502 065409590,264.480000,264.550000,0
20110502 065409937,264.460000,264.550000,0
20110502 065410280,264.480000,264.550000,0
20110502 065415090,264.460000,264.550000,0
20110502 065415437,264.480000,264.550000,0
20110502 065418873,264.420000,264.500000,0
20110502 065419543,264.340000,264.490000,0
20110502 065419903,264.380000,264.470000,0
20110502 065420247,264.380000,264.500000,0
20110502 065420590,264.400000,264.500000,0
20110502 065422310,264.410000,264.500000,0
20110502 065424373,264.430000,264.500000,0
20110502 065425403,264.440000,264.500000,0
20110502 065430217,264.420000,264.500000,0
20110502 065459107,264.440000,264.500000,0
20110502 065459467,264.420000,264.500000,0
20110502 065512153,264.420000,264.480000,0
20110502 065552747,264.400000,264.480000,0
20110502 065644620,264.380000,264.480000,0
20110502 065829493,264.320000,264.450000,0
20110502 065830183,264.300000,264.430000,0
20110502 065830510,264.290000,264.430000,0
20110502 065831183,264.300000,264.450000,0
20110502 065832900,264.300000,264.440000,0
20110502 065839433,264.320000,264.440000,0
20110502 065839777,264.350000,264.450000,0
20110502 065948180,264.360000,264.450000,0
20110502 065949213,264.370000,264.450000,0
20110502 065954713,264.350000,264.450000,0
20110502 065959900,264.370000,264.450000,0
20110502 070345023,264.370000,264.440000,0
20110502 070540177,264.340000,264.440000,0
20110502 070546367,264.370000,264.440000,0
20110502 070839270,264.350000,264.440000,0
20110502 070839613,264.350000,264.430000,0
20110502 071101583,264.330000,264.430000,0
20110502 071108113,264.350000,264.430000,0
20110502 071735860,264.330000,264.410000,0
20110502 071736547,264.330000,264.400000,0
20110502 072115500,264.320000,264.380000,0
20110502 072120673,264.230000,264.300000,0
20110502 072125827,264.220000,264.290000,0
20110502 072236297,264.210000,264.260000,0
20110502 072303797,264.200000,264.250000,0
20110502 072345390,264.150000,264.220000,0
20110502 072408797,264.120000,264.220000,0
20110502 072414263,264.150000,264.220000,0
20110502 072443827,264.160000,264.240000,0
20110502 072445203,264.170000,264.240000,0
20110502 072445560,264.170000,264.310000,0
20110502 072445890,264.170000,264.320000,0
20110502 072446233,264.180000,264.320000,0
20110502 072459640,264.210000,264.340000,0
20110502 072459983,264.240000,264.340000,0
20110502 072502390,264.260000,264.340000,0
20110502 072503077,264.270000,264.340000,0
20110502 073010763,264.260000,264.370000,0
20110502 073011107,264.270000,264.370000,0
20110502 073012137,264.280000,264.370000,0
20110502 073013167,264.290000,264.370000,0
20110502 073047857,264.290000,264.340000,0
20110502 073052667,264.290000,264.350000,0
20110502 073327387,264.250000,264.350000,0
20110502 073332167,264.220000,264.320000,0
20110502 073332497,264.220000,264.310000,0
20110502 073333197,264.280000,264.330000,0
20110502 073351747,264.270000,264.320000,0
20110502 073417527,264.220000,264.290000,0
20110502 073800633,264.220000,264.300000,0
20110502 073802353,264.230000,264.300000,0
20110502 073808883,264.210000,264.300000,0
20110502 073830540,264.200000,264.300000,0
20110502 073836417,264.210000,264.300000,0
20110502 074819380,264.200000,264.300000,0
20110502 074825240,264.210000,264.300000,0
20110502 075427517,264.210000,264.260000,0
20110502 075555207,264.200000,264.250000,0
20110502 075601377,264.210000,264.260000,0
20110502 075706033,264.200000,264.250000,0
20110502 075712190,264.210000,264.260000,0
20110502 075725597,264.200000,264.250000,0
20110502 075856687,264.230000,264.320000,0
20110502 075911813,264.200000,264.300000,0
20110502 075914250,264.210000,264.300000,0
20110502 080003360,264.200000,264.300000,0
20110502 080203343,264.200000,264.250000,0
20110502 080808403,264.180000,264.250000,0
20110502 080901687,264.180000,264.230000,0
20110502 080905810,264.130000,264.230000,0
20110502 080906153,264.070000,264.170000,0
20110502 080907513,264.090000,264.170000,0
20110502 080907873,264.080000,264.150000,0
20110502 080916123,264.060000,264.130000,0
20110502 080917497,264.080000,264.130000,0
20110502 080919887,264.070000,264.120000,0
20110502 080921623,264.060000,264.110000,0
20110502 080956670,264.020000,264.070000,0
20110502 080957027,264.010000,264.060000,0
20110502 080957357,264.030000,264.080000,0
20110502 080959107,263.980000,264.030000,0
20110502 080959433,263.990000,264.040000,0
20110502 081000467,263.990000,264.050000,0
20110502 081015950,263.970000,264.050000,0
20110502 081016623,263.990000,264.050000,0
20110502 081016933,263.970000,264.050000,0
20110502 081018340,263.990000,264.050000,0
20110502 081114043,263.970000,264.050000,0
20110502 081149777,263.980000,264.050000,0
20110502 081205620,264.000000,264.050000,0
20110502 081208027,263.990000,264.050000,0
20110502 081438900,264.020000,264.100000,0
20110502 081554183,264.010000,264.100000,0
20110502 081616870,264.020000,264.100000,0
20110502 082044307,264.010000,264.100000,0
20110502 082351647,264.010000,264.090000,0
20110502 082358523,264.010000,264.100000,0
20110502 082414693,263.990000,264.070000,0
20110502 082916147,263.990000,264.100000,0
20110502 082918207,263.990000,264.090000,0
20110502 082948457,263.990000,264.100000,0
20110502 083009097,263.990000,264.090000,0
20110502 083041740,263.950000,264.020000,0
20110502 083100647,263.950000,264.010000,0
20110502 083101660,263.950000,264.000000,0
20110502 083301927,263.940000,264.000000,0
20110502 083301987,263.920000,263.970000,0
20110502 083302333,263.900000,263.950000,0
20110502 083306143,263.890000,263.950000,0
20110502 083308863,263.860000,263.950000,0
20110502 083321597,263.860000,263.940000,0
20110502 083436520,263.860000,263.950000,0
20110502 083438580,263.860000,263.940000,0
20110502 083440300,263.860000,263.950000,0
20110502 083445830,263.860000,263.940000,0
20110502 083448207,263.860000,263.950000,0
20110502 083457160,263.890000,263.970000,0
20110502 083504017,263.900000,263.970000,0
20110502 083504363,263.910000,264.000000,0
20110502 083716017,263.910000,263.990000,0
20110502 083755550,263.940000,264.030000,0
20110502 083755907,263.960000,264.030000,0
20110502 083801377,263.960000,264.040000,0
20110502 083802423,263.960000,264.070000,0
20110502 083802797,263.970000,264.070000,0
20110502 083804173,263.970000,264.050000,0
20110502 084004487,263.970000,264.070000,0
20110502 084010297,263.970000,264.050000,0
20110502 084146923,263.970000,264.070000,0
20110502 084154827,263.970000,264.050000,0
20110502 084205453,263.960000,264.050000,0
20110502 084309390,263.960000,264.070000,0
20110502 084309733,263.980000,264.070000,0
20110502 084428453,263.980000,264.050000,0
20110502 084429140,263.980000,264.070000,0
20110502 084522797,263.980000,264.050000,0
20110502 084523827,263.980000,264.070000,0
20110502 084524857,263.980000,264.050000,0
20110502 084526217,263.980000,264.070000,0
20110502 084546827,263.970000,264.070000,0
20110502 084620170,263.970000,264.050000,0
20110502 084629827,263.950000,264.050000,0
20110502 084640780,263.930000,264.020000,0
20110502 084644920,263.910000,264.000000,0
20110502 084842840,263.930000,264.030000,0
20110502 085239013,263.930000,264.020000,0
20110502 085243450,263.940000,264.020000,0
20110502 085313357,263.930000,264.020000,0
20110502 085319527,263.930000,264.000000,0
20110502 085327090,263.940000,264.000000,0
20110502 085337417,263.930000,264.000000,0
20110502 085340543,263.940000,264.000000,0
20110502 085342917,263.940000,264.020000,0
20110502 085345010,263.940000,264.000000,0
20110502 085346730,263.940000,264.020000,0
20110502 085348090,263.940000,264.000000,0
20110502 085351857,263.940000,264.020000,0
20110502 085356683,263.940000,264.000000,0
20110502 085603887,263.940000,264.040000,0
20110502 085610417,263.940000,264.000000,0
20110502 085729777,263.930000,264.000000,0
20110502 085734947,263.940000,264.000000,0
20110502 085738387,263.930000,264.000000,0
20110502 085751447,263.940000,264.000000,0
20110502 085753853,263.930000,264.000000,0
20110502 085825477,263.940000,264.000000,0
20110502 085902977,263.930000,264.000000,0
20110502 085914977,263.930000,263.980000,0
20110502 085932853,263.940000,263.990000,0
20110502 085937667,263.930000,263.980000,0
20110502 090011353,263.950000,264.030000,0
20110502 090011727,263.950000,264.050000,0
20110502 090100540,263.960000,264.050000,0
20110502 090516240,263.980000,264.050000,0
20110502 090816413,263.960000,264.010000,0
20110502 091018100,263.960000,264.050000,0
20110502 091115833,263.980000,264.050000,0
20110502 091123380,263.960000,264.030000,0
20110502 091123710,263.930000,263.980000,0
20110502 091135757,263.980000,264.050000,0
20110502 091139193,263.930000,264.030000,0
20110502 091139537,263.930000,264.000000,0
20110502 091314757,263.900000,264.000000,0
20110502 091321287,263.930000,264.000000,0
20110502 091401193,263.900000,264.000000,0
20110502 091407350,263.930000,264.000000,0
20110502 091445880,263.900000,264.000000,0
20110502 091452367,263.930000,264.000000,0
20110502 091539130,263.930000,264.020000,0
20110502 091558067,263.950000,264.050000,0
20110502 091558380,263.960000,264.050000,0
20110502 091605257,263.930000,264.020000,0
20110502 091713663,263.930000,264.000000,0
20110502 091714007,263.910000,264.000000,0
20110502 092050897,263.950000,264.000000,0
20110502 092105380,263.910000,264.000000,0
20110502 092116350,263.930000,264.020000,0
20110502 092146600,263.940000,264.020000,0
20110502 092402723,263.930000,264.020000,0
20110502 092407193,263.940000,264.020000,0
20110502 092618833,263.940000,264.040000,0
20110502 092816413,263.950000,264.050000,0
20110502 092816757,263.960000,264.050000,0
20110502 092817443,263.980000,264.070000,0
20110502 092817787,263.990000,264.070000,0
20110502 092909693,263.980000,264.070000,0
20110502 092910037,263.960000,264.050000,0
20110502 092910380,263.960000,264.060000,0
20110502 094205223,263.970000,264.090000,0
20110502 094205567,263.990000,264.090000,0
20110502 094205880,263.990000,264.080000,0
20110502 094437817,264.010000,264.080000,0
20110502 094438163,264.080000,264.150000,0
20110502 094438850,264.030000,264.130000,0
20110502 094439193,264.030000,264.110000,0
20110502 094439537,264.030000,264.120000,0
20110502 094439880,264.040000,264.120000,0
20110502 094440567,264.040000,264.140000,0
20110502 094441630,264.040000,264.130000,0
20110502 094652567,264.030000,264.130000,0
20110502 094656350,264.040000,264.130000,0
20110502 094658397,264.030000,264.130000,0
20110502 094702537,264.040000,264.130000,0
20110502 094948567,264.040000,264.140000,0
20110502 095322037,264.050000,264.150000,0
20110502 095322380,264.060000,264.150000,0
20110502 095322757,264.080000,264.150000,0
20110502 095323100,264.070000,264.150000,0
20110502 095323757,264.080000,264.150000,0
20110502 095444867,264.060000,264.150000,0
20110502 095514787,264.060000,264.210000,0
20110502 095517537,264.090000,264.240000,0
20110502 095518223,264.100000,264.250000,0
20110502 095521317,264.080000,264.150000,0
20110502 095604630,264.100000,264.250000,0
20110502 095611163,264.080000,264.150000,0
20110502 095801163,264.080000,264.170000,0
20110502 095901333,264.080000,264.220000,0
20110502 095928130,264.100000,264.250000,0
20110502 095934317,264.080000,264.220000,0
20110502 095951507,264.100000,264.250000,0
20110502 100018663,264.080000,264.230000,0
20110502 100031740,264.090000,264.240000,0
20110502 100033130,264.060000,264.210000,0
20110502 100034507,264.050000,264.200000,0
20110502 100046177,264.060000,264.210000,0
20110502 100300567,264.060000,264.200000,0
20110502 100322600,264.060000,264.210000,0
20110502 100328067,264.060000,264.200000,0
20110502 100330803,264.060000,264.150000,0
20110502 100342537,264.060000,264.210000,0
20110502 100348380,264.060000,264.150000,0
20110502 100444757,264.030000,264.180000,0
20110502 100535943,264.020000,264.170000,0
20110502 100553473,264.010000,264.160000,0
20110502 100555567,264.020000,264.170000,0
20110502 100610317,264.030000,264.180000,0
20110502 100610693,264.050000,264.180000,0
20110502 100611037,264.080000,264.180000,0
20110502 100621007,264.080000,264.140000,0
20110502 100627880,264.080000,264.210000,0
20110502 100634413,264.080000,264.140000,0
20110502 100638193,264.080000,264.160000,0
20110502 100640927,264.090000,264.160000,0
20110502 100644380,264.090000,264.140000,0
20110502 100649193,264.080000,264.140000,0
20110502 100651943,264.090000,264.140000,0
20110502 100653317,264.080000,264.140000,0
20110502 100710833,264.080000,264.200000,0
20110502 100713913,264.090000,264.210000,0
20110502 100715287,264.080000,264.200000,0
20110502 100717350,264.080000,264.140000,0
20110502 100719053,264.090000,264.140000,0
20110502 100744193,264.080000,264.130000,0
20110502 100749693,264.070000,264.120000,0
20110502 101003413,263.950000,264.070000,0
20110502 101004443,263.950000,264.050000,0
20110502 101007193,263.960000,264.060000,0
20110502 101008537,263.960000,264.040000,0
20110502 101023350,263.960000,264.030000,0
20110502 101101147,263.990000,264.080000,0
20110502 101101473,264.010000,264.080000,0
20110502 101101817,264.010000,264.100000,0
20110502 101102507,264.020000,264.100000,0
20110502 101234973,264.040000,264.100000,0
20110502 101235317,264.060000,264.110000,0
20110502 101701723,264.050000,264.100000,0
20110502 101749177,264.000000,264.100000,0
20110502 101752257,264.010000,264.100000,0
20110502 101759163,264.000000,264.100000,0
20110502 101815973,264.010000,264.100000,0
20110502 101828020,264.000000,264.100000,0
20110502 101828380,264.010000,264.100000,0
20110502 102017317,264.010000,264.080000,0
20110502 102018333,264.010000,264.070000,0
20110502 102020413,264.010000,264.060000,0
20110502 102036567,264.010000,264.070000,0
20110502 102037943,264.010000,264.060000,0
20110502 102104067,264.000000,264.050000,0
20110502 102446817,264.020000,264.070000,0
20110502 102447163,264.030000,264.080000,0
20110502 102618617,264.000000,264.050000,0
20110502 102627567,263.990000,264.040000,0
20110502 102632380,264.000000,264.050000,0
20110502 102632710,264.020000,264.070000,0
20110502 102729787,264.060000,264.160000,0
20110502 102736287,264.020000,264.070000,0
20110502 102901880,264.030000,264.080000,0
20110502 102922507,264.040000,264.090000,0
20110502 103000333,264.070000,264.120000,0
20110502 103022333,264.080000,264.180000,0
20110502 103028193,264.070000,264.120000,0
20110502 103038817,264.060000,264.110000,0
20110502 103048117,264.050000,264.100000,0
20110502 103048473,264.040000,264.090000,0
20110502 103146913,264.050000,264.130000,0
20110502 103153787,264.050000,264.150000,0
20110502 103200317,264.050000,264.130000,0
20110502 103236413,264.050000,264.150000,0
20110502 103242257,264.050000,264.130000,0
20110502 103301163,264.050000,264.150000,0
20110502 103307007,264.050000,264.130000,0
20110502 103419850,264.050000,264.150000,0
20110502 103426380,264.050000,264.130000,0
20110502 103546130,264.050000,264.150000,0
20110502 103552350,264.050000,264.130000,0
20110502 103635647,264.030000,264.130000,0
20110502 103722740,264.040000,264.130000,0
20110502 103723083,264.050000,264.130000,0
20110502 103904147,264.060000,264.130000,0
20110502 103912740,264.050000,264.130000,0
20110502 104015303,264.050000,264.150000,0
20110502 104021163,264.050000,264.130000,0
20110502 104040757,264.050000,264.150000,0
20110502 104537067,264.110000,264.200000,0
20110502 104537413,264.120000,264.200000,0
20110502 104537723,264.130000,264.200000,0
20110502 104538100,264.060000,264.150000,0
20110502 104538443,264.050000,264.150000,0
20110502 110024960,264.060000,264.160000,0
20110502 110025663,264.050000,264.150000,0
20110502 110232147,264.060000,264.160000,0
20110502 110243473,264.050000,264.150000,0
20110502 110438990,264.060000,264.160000,0
20110502 110651663,264.050000,264.160000,0
20110502 110652007,264.060000,264.160000,0
20110502 110721567,264.060000,264.170000,0
20110502 110721897,264.060000,264.160000,0
20110502 110722257,264.060000,264.170000,0
20110502 110722600,264.060000,264.160000,0
20110502 110740130,264.060000,264.170000,0
20110502 110740473,264.060000,264.160000,0
20110502 110754257,264.060000,264.170000,0
20110502 110754600,264.060000,264.160000,0
20110502 110756287,264.060000,264.170000,0
20110502 110756630,264.060000,264.160000,0
20110502 111240223,263.870000,263.990000,0
20110502 111240600,263.880000,263.980000,0
20110502 111258100,263.900000,264.030000,0
20110502 111258427,263.910000,264.030000,0
20110502 111259817,263.930000,264.070000,0
20110502 111301913,263.950000,264.100000,0
20110502 111306350,263.920000,264.070000,0
20110502 111306723,263.910000,264.060000,0
20110502 111400317,263.920000,264.070000,0
20110502 111400693,263.910000,264.060000,0
20110502 111514223,263.920000,264.070000,0
20110502 111514567,263.910000,264.060000,0
20110502 111529693,263.920000,264.070000,0
20110502 111530037,263.910000,264.060000,0
20110502 111655303,263.920000,264.070000,0
20110502 111655630,263.910000,264.060000,0
20110502 111720413,263.940000,264.090000,0
20110502 111721413,263.950000,264.100000,0
20110502 111723507,263.940000,264.090000,0
20110502 111726927,263.890000,264.040000,0
20110502 111727287,263.890000,263.990000,0
20110502 111740663,263.880000,263.990000,0
20110502 111800943,263.890000,263.990000,0
20110502 111823990,263.880000,263.990000,0
20110502 111824317,263.880000,263.980000,0
20110502 111841520,263.880000,263.990000,0
20110502 111841913,263.890000,263.990000,0
20110502 112125117,263.890000,264.000000,0
20110502 113114317,263.890000,263.990000,0
20110502 113130130,263.890000,264.000000,0
20110502 113233413,263.900000,264.000000,0
20110502 113233723,263.910000,264.000000,0
20110502 113237850,263.910000,264.020000,0
20110502 113318427,263.910000,264.010000,0
20110502 113318757,263.910000,264.000000,0
20110502 113328723,263.910000,264.020000,0
20110502 113409287,263.910000,264.010000,0
20110502 113409630,263.910000,264.000000,0
20110502 113419943,263.960000,264.100000,0
20110502 113431990,263.960000,264.070000,0
20110502 113608913,263.990000,264.140000,0
20110502 113609257,263.970000,264.120000,0
20110502 113618867,263.930000,264.080000,0
20110502 113619223,263.920000,264.070000,0
20110502 114036020,263.940000,264.090000,0
20110502 114036350,263.990000,264.100000,0
20110502 114037397,263.920000,264.070000,0
20110502 114043240,263.940000,264.090000,0
20110502 114043567,263.990000,264.100000,0
20110502 114314490,264.000000,264.100000,0
20110502 114314833,264.010000,264.100000,0
20110502 114431490,264.020000,264.100000,0
20110502 114442147,264.010000,264.100000,0
20110502 114442833,264.020000,264.100000,0
20110502 114513083,264.010000,264.100000,0
20110502 114528210,264.020000,264.100000,0
20110502 114607053,264.010000,264.100000,0
20110502 114619083,264.030000,264.120000,0
20110502 114619427,264.110000,264.190000,0
20110502 114704803,264.110000,264.200000,0
20110502 130355477,264.030000,264.180000,0
20110502 132133180,264.040000,264.190000,0
20110502 132139727,264.030000,264.180000,0
20110502 133538473,264.070000,264.220000,0
20110502 133606660,264.060000,264.210000,0
20110502 133609067,264.050000,264.200000,0
20110502 133611473,264.040000,264.190000,0
20110502 140024837,264.020000,264.170000,0
20110502 140527337,264.030000,264.180000,0
20110502 145707940,264.010000,264.160000,0
20110502 145708287,263.950000,264.100000,0
20110502 145708630,263.930000,264.080000,0
20110502 145811877,263.980000,264.130000,0
20110502 145817723,263.990000,264.140000,0
20110502 145824253,264.000000,264.150000,0
20110502 145828363,264.010000,264.160000,0
20110502 145831800,264.020000,264.170000,0
20110502 145857597,263.910000,264.060000,0
20110502 145908957,263.930000,264.080000,0
20110502 145915127,263.980000,264.130000,0
20110502 145927160,263.990000,264.140000,0
20110502 145927847,264.000000,264.150000,0
20110502 150649220,263.990000,264.140000,0
20110502 150855750,264.000000,264.150000,0
20110502 150902250,263.990000,264.140000,0
20110502 151717247,263.970000,264.120000,0
20110502 152335400,263.990000,264.140000,0
20110502 152341227,263.970000,264.120000,0
20110502 152820710,263.990000,264.140000,0
20110502 152827240,263.970000,264.120000,0
20110502 152905740,263.990000,264.140000,0
20110502 152912240,263.970000,264.120000,0
20110502 152957960,263.990000,264.140000,0
20110502 153004147,263.970000,264.120000,0
20110502 153800577,264.200000,264.250000,0
20110502 153819483,264.210000,264.260000,0
20110502 153819827,264.220000,264.270000,0
20110502 153820517,264.230000,264.280000,0
20110502 153831170,263.980000,264.130000,0
20110502 154128873,263.990000,264.140000,0
20110502 154331823,264.000000,264.150000,0
20110502 154628320,264.020000,264.170000,0
20110502 154634133,264.000000,264.150000,0
20110502 155312877,263.990000,264.140000,0
20110502 155313580,264.000000,264.150000,0
20110502 155449143,264.020000,264.170000,0
20110502 155455317,264.000000,264.150000,0
20110502 155531063,264.020000,264.170000,0
20110502 155535877,263.980000,264.130000,0
20110502 155553407,263.970000,264.120000,0
20110502 155554097,263.960000,264.110000,0
20110502 155554783,263.950000,264.100000,0
20110502 155555813,263.940000,264.090000,0
20110502 155625720,263.980000,264.130000,0
20110502 155626407,264.000000,264.150000,0
20110502 160247277,264.040000,264.190000,0
20110502 160255870,264.050000,264.200000,0
20110502 160301717,264.060000,264.210000,0
20110502 160305840,264.070000,264.220000,0
20110502 161023770,264.080000,264.230000,0
20110502 161024117,264.070000,264.220000,0
20110502 161048867,264.080000,264.230000,0
20110502 161049210,264.070000,264.220000,0
20110502 161606500,264.080000,264.230000,0
20110502 161606860,264.070000,264.220000,0
20110502 161823780,264.040000,264.190000,0
20110502 162642070,264.290000,264.440000,0
20110502 162651353,264.310000,264.460000,0
20110502 162654103,264.260000,264.410000,0
20110502 162654447,264.140000,264.290000,0
20110502 162655133,264.130000,264.280000,0
20110502 163601010,264.140000,264.290000,0
20110502 163607213,264.130000,264.280000,0
20110502 164436300,264.100000,264.250000,0
20110502 164505520,264.080000,264.230000,0
20110502 164838283,264.070000,264.220000,0
20110502 165242717,264.080000,264.230000,0
20110502 165748650,264.070000,264.220000,0
20110502 170129337,264.070000,264.220000,0
20110502 173353420,264.080000,264.230000,0
20110502 173830637,264.070000,264.220000,0
20110502 174045727,264.100000,264.250000,0
20110502 174158633,264.020000,264.170000,0
20110502 174502193,264.110000,264.260000,0
20110502 175042847,264.030000,264.180000,0
20110502 175044220,264.020000,264.170000,0
20110502 175055907,263.950000,264.100000,0
20110502 175139563,264.080000,264.230000,0
20110502 175140250,264.110000,264.260000,0
20110502 175840653,264.120000,264.270000,0
20110502 182109543,264.130000,264.280000,0
20110502 182116073,264.120000,264.270000,0
20110502 184440970,264.130000,264.280000,0
20110502 184447143,264.120000,264.270000,0
20110502 185406093,264.130000,264.280000,0
20110502 185412280,264.120000,264.270000,0
20110502 185840747,264.130000,264.280000,0
20110502 185847263,264.120000,264.270000,0
20110502 190603510,264.130000,264.280000,0
20110502 190609010,264.120000,264.270000,0
20110502 191318337,264.130000,264.280000,0
20110502 191324193,264.120000,264.270000,0
20110502 191711067,264.130000,264.280000,0
20110502 191717223,264.120000,264.270000,0
20110502 191849380,264.130000,264.280000,0
20110502 191855207,264.120000,264.270000,0
20110502 191927537,264.130000,264.280000,0
20110502 191933020,264.120000,264.270000,0
20110502 193835967,264.130000,264.280000,0
20110502 193836310,264.000000,264.150000,0
20110502 193858293,264.030000,264.180000,0
20110502 193858653,264.110000,264.260000,0
20110502 193901060,264.120000,264.270000,0
20110502 194002607,264.130000,264.280000,0
20110502 194009153,264.120000,264.270000,0
20110502 194404277,264.130000,264.280000,0
20110502 194410103,264.120000,264.270000,0
20110502 194749087,264.130000,264.280000,0
20110502 194755243,264.120000,264.270000,0
20110502 195137307,264.130000,264.280000,0
20110502 195143180,264.120000,264.270000,0
20110502 195626427,264.130000,264.280000,0
20110502 195633303,264.120000,264.270000,0
20110502 200007443,264.140000,264.290000,0
20110502 200013270,264.120000,264.270000,0
20110502 200250050,264.130000,264.280000,0
20110502 200256237,264.120000,264.270000,0
20110502 201601703,264.130000,264.280000,0
20110502 201608233,264.120000,264.270000,0
20110502 202003357,264.130000,264.280000,0
20110502 202009200,264.120000,264.270000,0
20110502 202356427,264.130000,264.280000,0
20110502 202402277,264.120000,264.270000,0
20110502 202412237,264.130000,264.280000,0
20110502 202418067,264.120000,264.270000,0
20110502 203314347,264.130000,264.280000,0
20110502 203321193,264.120000,264.270000,0
20110502 204544410,264.130000,264.280000,0
20110502 204550253,264.120000,264.270000,0
20110502 204553003,264.130000,264.280000,0
20110502 204559193,264.120000,264.270000,0
20110502 205201160,264.130000,264.280000,0
20110502 205207317,264.120000,264.270000,0
20110502 205306443,264.130000,264.280000,0
20110502 205312973,264.120000,264.270000,0
20110502 205944863,264.130000,264.280000,0
20110502 205951037,264.120000,264.270000,0
20110502 211549097,264.130000,264.280000,0
20110502 211555287,264.120000,264.270000,0
20110502 211725693,264.130000,264.280000,0
20110502 211732193,264.120000,264.270000,0
20110502 212548253,264.130000,264.280000,0
20110502 212554097,264.120000,264.270000,0
20110502 212635660,264.130000,264.280000,0
20110502 212646333,264.120000,264.270000,0
20110502 212655287,264.130000,264.280000,0
20110502 212701097,264.120000,264.270000,0
20110502 213000897,264.130000,264.280000,0
20110502 213007097,264.120000,264.270000,0
20110502 213403927,264.130000,264.280000,0
20110502 213410097,264.120000,264.270000,0
20110502 213711630,264.130000,264.280000,0
20110502 213718130,264.120000,264.270000,0
20110502 213736037,264.130000,264.280000,0
20110502 213742207,264.120000,264.270000,0
20110502 213850613,264.130000,264.280000,0
20110502 213856113,264.120000,264.270000,0
20110502 214334550,264.130000,264.280000,0
20110502 214341097,264.120000,264.270000,0
20110502 214701847,264.130000,264.280000,0
20110502 214708037,264.120000,264.270000,0
20110502 214734503,264.130000,264.280000,0
20110502 214740347,264.120000,264.270000,0
20110502 214852177,264.130000,264.280000,0
20110502 214858037,264.120000,264.270000,0
20110502 215108287,264.130000,264.280000,0
20110502 215114147,264.120000,264.270000,0
20110502 215742253,264.130000,264.280000,0
20110502 215748097,264.120000,264.270000,0
20110502 220125693,264.130000,264.280000,0
20110502 220132223,264.120000,264.270000,0
20110502 220156270,264.130000,264.280000,0
20110502 220202130,264.120000,264.270000,0
20110502 220337693,264.130000,264.280000,0
20110502 220338363,264.120000,264.270000,0
20110502 220631943,264.130000,264.280000,0
20110502 220638160,264.120000,264.270000,0
20110502 220737287,264.130000,264.280000,0
20110502 220743130,264.120000,264.270000,0
20110502 221134473,264.130000,264.280000,0
20110502 221141317,264.120000,264.270000,0
20110502 221644503,264.130000,264.280000,0
20110502 221647253,264.140000,264.290000,0
20110502 221650037,264.120000,264.270000,0
20110502 222535957,264.130000,264.280000,0
20110502 222542130,264.120000,264.270000,0
20110502 223323130,264.130000,264.280000,0
20110502 223329287,264.120000,264.270000,0
20110502 224225870,264.130000,264.280000,0
20110502 224232027,264.120000,264.270000,0
20110502 225026073,264.130000,264.280000,0
20110502 225032260,264.120000,264.270000,0
20110502 225434967,264.130000,264.280000,0
20110502 225441107,264.120000,264.270000,0
20110502 225826997,264.130000,264.280000,0
20110502 225833183,264.120000,264.270000,0
20110502 230001153,264.080000,264.230000,0
20110502 230106807,264.090000,264.240000,0
20110502 230137747,264.080000,264.230000,0
20110502 230437870,264.090000,264.240000,0
20110502 230508807,264.080000,264.230000,0
20110502 230703997,264.090000,264.240000,0
20110502 230808933,264.100000,264.250000,0
20110502 230901870,264.120000,264.270000,0
20110502 230902557,264.100000,264.250000,0
20110502 230902903,264.120000,264.270000,0
20110502 231031620,264.100000,264.250000,0
20110502 231046370,264.120000,264.270000,0
20110502 231102870,264.100000,264.250000,0
20110502 231106653,264.120000,264.270000,0
20110502 231210933,264.100000,264.250000,0
20110502 231214370,264.090000,264.240000,0
20110502 231239467,264.100000,264.250000,0
20110502 231241527,264.090000,264.240000,0
20110502 231303527,264.100000,264.250000,0
20110502 231311433,264.090000,264.240000,0
20110502 231311777,264.100000,264.250000,0
20110502 231313497,264.090000,264.240000,0
20110502 231314527,264.100000,264.250000,0
20110502 231327933,264.090000,264.240000,0
20110502 231331357,264.100000,264.250000,0
20110502 231333090,264.090000,264.240000,0
20110502 231338933,264.100000,264.250000,0
20110502 231437403,264.140000,264.290000,0
20110502 231443247,264.100000,264.250000,0
20110502 231510713,264.120000,264.270000,0
20110502 231541997,264.100000,264.250000,0
20110502 231556777,264.090000,264.240000,0
20110502 231607433,264.100000,264.250000,0
20110502 231607777,264.090000,264.240000,0
20110502 231608463,264.100000,264.250000,0
20110502 231613277,264.090000,264.240000,0
20110502 231620857,264.100000,264.250000,0
20110502 231841777,264.120000,264.270000,0
20110502 231912713,264.100000,264.250000,0
20110502 231924057,264.090000,264.240000,0
20110502 231931277,264.100000,264.250000,0
20110502 232010120,264.090000,264.240000,0
20110502 232010807,264.100000,264.250000,0
20110502 232212837,264.120000,264.270000,0
20110502 232243773,264.090000,264.240000,0
20110502 232317477,264.140000,264.290000,0
20110502 232322993,264.090000,264.240000,0
20110502 232329180,264.080000,264.230000,0
20110502 232414867,264.090000,264.240000,0
20110502 232914960,264.100000,264.250000,0
20110502 232945897,264.090000,264.240000,0
20110502 233617080,264.100000,264.250000,0
20110502 233647677,264.090000,264.240000,0
20110502 233804017,264.130000,264.280000,0
20110502 233810190,264.090000,264.240000,0
20110502 233947800,264.100000,264.250000,0
20110502 234018737,264.090000,264.240000,0
20110502 234237627,264.080000,264.230000,0
20110502 234240047,264.090000,264.240000,0
20110502 234259627,264.080000,264.230000,0
20110502 234315453,264.090000,264.240000,0
20110502 234354627,264.080000,264.230000,0
20110502 234416970,264.090000,264.240000,0
20110502 234857157,264.100000,264.250000,0
20110502 234857483,264.090000,264.240000,0
20110502 234857827,264.100000,264.250000,0
20110502 234858157,264.090000,264.240000,0
20110502 234959387,264.100000,264.250000,0
20110502 235118793,264.130000,264.280000,0
20110502 235125293,264.100000,264.250000,0
20110502 235158653,264.120000,264.270000,0
20110502 235202420,264.100000,264.250000,0
20110502 235203107,264.120000,264.270000,0
20110502 235204480,264.100000,264.250000,0
20110502 235212730,264.120000,264.270000,0
20110502 235351730,264.140000,264.290000,0
20110502 235408917,264.120000,264.270000,0
20110502 235426107,264.140000,264.290000,0
20110502 235446043,264.120000,264.270000,0
20110502 235632293,264.130000,264.280000,0
20110502 235638090,264.120000,264.270000,0
20110502 235753730,264.100000,264.250000,0
20110502 235808543,264.130000,264.280000,0
20110502 235815057,264.100000,264.250000,0
20110502 235859057,264.130000,264.280000,0
20110502 235905243,264.100000,264.250000,0
20110502 235906603,264.090000,264.240000,0
20110502 235916933,264.100000,264.250000,0
20110502 235921387,264.090000,264.240000,0
20110502 235933790,264.130000,264.280000,0
20110502 235939980,264.090000,264.240000,0
20110502 235947870,264.100000,264.250000,0
20110502 235949573,264.090000,264.240000,0
20110502 235952323,264.100000,264.250000,0
20110503 000002667,264.120000,264.270000,0
20110503 000200557,264.130000,264.280000,0
20110503 000207070,264.120000,264.270000,0
20110503 000519930,264.130000,264.280000,0
20110503 000526117,264.120000,264.270000,0
20110503 001021413,264.130000,264.280000,0
20110503 001028257,264.120000,264.270000,0
20110503 001844317,264.130000,264.280000,0
20110503 001850160,264.120000,264.270000,0
20110503 002811827,264.130000,264.280000,0
20110503 002818013,264.120000,264.270000,0
20110503 003028997,264.130000,264.280000,0
20110503 003035187,264.120000,264.270000,0
20110503 003123967,264.130000,264.280000,0
20110503 003130170,264.120000,264.270000,0
20110503 003443717,264.130000,264.280000,0
20110503 003450247,264.120000,264.270000,0
20110503 003602433,264.130000,264.280000,0
20110503 003609277,264.120000,264.270000,0
20110503 003634747,264.130000,264.280000,0
20110503 003641247,264.120000,264.270000,0
20110503 003728713,264.130000,264.280000,0
20110503 003734527,264.120000,264.270000,0
20110503 004952570,264.140000,264.290000,0
20110503 004959083,264.120000,264.270000,0
20110503 005258520,264.140000,264.290000,0
20110503 005304020,264.120000,264.270000,0
20110503 005550393,264.140000,264.290000,0
20110503 005557270,264.120000,264.270000,0
20110503 010006487,264.070000,264.220000,0
20110503 010008207,264.060000,264.210000,0
20110503 010008533,264.070000,264.220000,0
20110503 010014753,264.060000,264.210000,0
20110503 010016800,264.070000,264.220000,0
20110503 010032957,264.060000,264.210000,0
20110503 010036067,264.070000,264.220000,0
20110503 010037097,264.060000,264.210000,0
20110503 010037423,264.070000,264.220000,0
20110503 010038800,264.060000,264.210000,0
20110503 010101173,264.070000,264.220000,0
20110503 010411923,264.080000,264.230000,0
20110503 010442860,264.070000,264.220000,0
20110503 010445610,264.080000,264.230000,0
20110503 010446297,264.070000,264.220000,0
20110503 010447330,264.080000,264.230000,0
20110503 010447673,264.070000,264.220000,0
20110503 010455577,264.080000,264.230000,0
20110503 010455923,264.070000,264.220000,0
20110503 010541297,264.080000,264.230000,0
20110503 010541640,264.070000,264.220000,0
20110503 010542687,264.080000,264.230000,0
20110503 010659000,264.140000,264.290000,0
20110503 010705170,264.080000,264.230000,0
20110503 010853483,264.070000,264.220000,0
20110503 010916170,264.080000,264.230000,0
20110503 010924060,264.070000,264.220000,0
20110503 011009763,264.060000,264.210000,0
20110503 011024903,264.070000,264.220000,0
20110503 011043107,264.060000,264.210000,0
20110503 011048607,264.070000,264.220000,0
20110503 011113700,264.080000,264.230000,0
20110503 011145327,264.090000,264.240000,0
20110503 011301983,264.080000,264.230000,0
20110503 011308153,264.090000,264.240000,0
20110503 011753510,264.080000,264.230000,0
20110503 011819607,264.090000,264.240000,0
20110503 011846760,264.080000,264.230000,0
20110503 012548883,264.090000,264.240000,0
20110503 012656960,264.100000,264.250000,0
20110503 012657633,264.090000,264.240000,0
20110503 012721350,264.100000,264.250000,0
20110503 012737197,264.140000,264.290000,0
20110503 012744037,264.100000,264.250000,0
20110503 012803977,264.090000,264.240000,0
20110503 012836320,264.080000,264.230000,0
20110503 012915147,264.090000,264.240000,0
20110503 012916147,264.080000,264.230000,0
20110503 012919943,264.090000,264.240000,0
20110503 013017693,264.080000,264.230000,0
20110503 013036257,264.090000,264.240000,0
20110503 013043130,264.080000,264.230000,0
20110503 013051380,264.090000,264.240000,0
20110503 013219723,264.100000,264.250000,0
20110503 013250677,264.090000,264.240000,0
20110503 013313707,264.100000,264.250000,0
20110503 013317833,264.090000,264.240000,0
20110503 013319897,264.100000,264.250000,0
20110503 013335020,264.130000,264.280000,0
20110503 013341240,264.100000,264.250000,0
20110503 013410457,264.120000,264.270000,0
20110503 013418707,264.100000,264.250000,0
20110503 013459240,264.120000,264.270000,0
20110503 013621737,264.100000,264.250000,0
20110503 013632427,264.140000,264.290000,0
20110503 013638223,264.100000,264.250000,0
20110503 013655083,264.120000,264.270000,0
20110503 013727427,264.100000,264.250000,0
20110503 013733613,264.130000,264.280000,0
20110503 013740113,264.100000,264.250000,0
20110503 013746317,264.090000,264.240000,0
20110503 013747020,264.100000,264.250000,0
20110503 013747677,264.090000,264.240000,0
20110503 013748363,264.100000,264.250000,0
20110503 013807643,264.120000,264.270000,0
20110503 013827237,264.100000,264.250000,0
20110503 013857143,264.140000,264.290000,0
20110503 013902987,264.100000,264.250000,0
20110503 013909160,264.120000,264.270000,0
20110503 013909487,264.100000,264.250000,0
20110503 013909817,264.120000,264.270000,0
20110503 013910190,264.100000,264.250000,0
20110503 013916017,264.120000,264.270000,0
20110503 013922580,264.100000,264.250000,0
20110503 014018957,264.090000,264.240000,0
20110503 014124610,264.140000,264.290000,0
20110503 014130423,264.130000,264.280000,0
20110503 014131487,264.090000,264.240000,0
20110503 014151737,264.080000,264.230000,0
20110503 014152440,264.090000,264.240000,0
20110503 014253267,264.100000,264.250000,0
20110503 014337267,264.120000,264.270000,0
20110503 014436063,264.100000,264.250000,0
20110503 014448110,264.140000,264.290000,0
20110503 014453610,264.090000,264.240000,0
20110503 014500127,264.100000,264.250000,0
20110503 014500487,264.090000,264.240000,0
20110503 014533127,264.140000,264.290000,0
20110503 014539987,264.090000,264.240000,0
20110503 014548923,264.080000,264.230000,0
20110503 014552703,264.090000,264.240000,0
20110503 014609577,264.140000,264.290000,0
20110503 014615077,264.090000,264.240000,0
20110503 014628093,264.080000,264.230000,0
20110503 014654577,264.070000,264.220000,0
20110503 014728297,264.140000,264.290000,0
20110503 014734140,264.070000,264.220000,0
20110503 014745797,264.080000,264.230000,0
20110503 014747157,264.070000,264.220000,0
20110503 014754047,264.080000,264.230000,0
20110503 014804360,264.070000,264.220000,0
20110503 014804703,264.080000,264.230000,0
20110503 014805047,264.070000,264.220000,0
20110503 014849047,264.060000,264.210000,0
20110503 014923420,264.070000,264.220000,0
20110503 014954687,264.080000,264.230000,0
20110503 014959170,264.090000,264.240000,0
20110503 015230437,264.080000,264.230000,0
20110503 015237997,264.070000,264.220000,0
20110503 015319233,264.060000,264.210000,0
20110503 015324387,264.070000,264.220000,0
20110503 015329903,264.060000,264.210000,0
20110503 015330920,264.070000,264.220000,0
20110503 015337793,264.060000,264.210000,0
20110503 015637263,264.070000,264.220000,0
20110503 015641027,264.140000,264.290000,0
20110503 015647230,264.070000,264.220000,0
20110503 015725700,264.080000,264.230000,0
20110503 015727760,264.070000,264.220000,0
20110503 015729137,264.080000,264.230000,0
20110503 015729807,264.070000,264.220000,0
20110503 015730167,264.080000,264.230000,0
20110503 015736700,264.140000,264.240000,0
20110503 015752510,264.120000,264.260000,0
20110503 020256073,264.140000,264.290000,0
20110503 020530727,264.120000,264.270000,0
20110503 020611663,264.130000,264.280000,0
20110503 020618197,264.120000,264.270000,0
20110503 020729663,264.420000,264.570000,0
20110503 020811947,264.310000,264.460000,0
20110503 020819850,264.300000,264.450000,0
20110503 020820913,264.190000,264.340000,0
20110503 020821570,264.200000,264.350000,0
20110503 020825727,264.230000,264.380000,0
20110503 020826037,264.270000,264.420000,0
20110503 020826383,264.290000,264.440000,0
20110503 020827070,264.300000,264.450000,0
20110503 020828100,264.310000,264.460000,0
20110503 021125477,264.200000,264.350000,0
20110503 021126850,264.190000,264.340000,0
20110503 021302757,263.960000,264.110000,0
20110503 021304130,263.950000,264.100000,0
20110503 021310333,263.960000,264.110000,0
20110503 021801847,264.060000,264.210000,0
20110503 021802503,264.050000,264.200000,0
20110503 021802833,264.040000,264.160000,0
20110503 022054753,264.030000,264.180000,0
20110503 022055067,264.080000,264.180000,0
20110503 022055767,264.080000,264.170000,0
20110503 022134597,264.070000,264.170000,0
20110503 022135613,264.070000,264.150000,0
20110503 022155220,264.020000,264.120000,0
20110503 022156253,263.980000,264.100000,0
20110503 022204847,263.950000,264.100000,0
20110503 022656627,263.960000,264.110000,0
20110503 022657377,263.970000,264.120000,0
20110503 022837750,263.960000,264.110000,0
20110503 022945467,263.980000,264.130000,0
20110503 022946873,263.980000,264.120000,0
20110503 022955093,264.000000,264.150000,0
20110503 022955437,264.010000,264.150000,0
20110503 022956467,264.020000,264.140000,0
20110503 023001280,264.020000,264.130000,0
20110503 023001623,264.010000,264.130000,0
20110503 023002657,264.010000,264.120000,0
20110503 023031530,264.020000,264.130000,0
20110503 023048373,264.050000,264.160000,0
20110503 023048717,264.080000,264.190000,0
20110503 023049750,264.110000,264.200000,0
20110503 023050453,264.140000,264.200000,0
20110503 023054560,264.160000,264.210000,0
20110503 023057310,264.030000,264.180000,0
20110503 023313107,264.020000,264.170000,0
20110503 023324450,264.020000,264.120000,0
20110503 023324793,264.020000,264.110000,0
20110503 023325123,264.020000,264.100000,0
20110503 023332030,264.050000,264.150000,0
20110503 023332373,264.020000,264.090000,0
20110503 023333747,264.000000,264.090000,0
20110503 023334060,264.000000,264.080000,0
20110503 023340247,264.020000,264.080000,0
20110503 023343340,263.980000,264.070000,0
20110503 023343687,264.010000,264.070000,0
20110503 023344030,264.010000,264.110000,0
20110503 023345060,264.020000,264.140000,0
20110503 023349873,263.990000,264.090000,0
20110503 023350903,263.990000,264.080000,0
20110503 023355373,263.980000,264.050000,0
20110503 023355717,263.980000,264.040000,0
20110503 023409483,263.980000,264.030000,0
20110503 023410153,263.970000,264.020000,0
20110503 023418403,264.020000,264.100000,0
20110503 023418747,263.980000,264.040000,0
20110503 023419123,263.980000,264.030000,0
20110503 023434560,264.000000,264.090000,0
20110503 023434903,264.040000,264.130000,0
20110503 023435937,263.990000,264.140000,0
20110503 023436967,263.970000,264.120000,0
20110503 023846870,263.980000,264.130000,0
20110503 025927800,263.950000,264.100000,0
20110503 030007020,264.030000,264.100000,0
20110503 030010800,263.950000,264.100000,0
20110503 030016987,264.030000,264.100000,0
20110503 030117487,263.950000,264.100000,0
20110503 030124017,264.030000,264.100000,0
20110503 030204893,264.100000,264.250000,0
20110503 030205923,264.120000,264.230000,0
20110503 030210737,264.130000,264.230000,0
20110503 030215207,264.190000,264.290000,0
20110503 030215550,264.200000,264.290000,0
20110503 030216237,264.210000,264.300000,0
20110503 030216580,264.250000,264.300000,0
20110503 030225877,264.280000,264.430000,0
20110503 030226207,264.250000,264.400000,0
20110503 030227580,264.170000,264.300000,0
20110503 030227923,264.200000,264.280000,0
20110503 030229317,264.210000,264.280000,0
20110503 030229987,264.220000,264.280000,0
20110503 030231393,264.190000,264.240000,0
20110503 030234457,264.200000,264.250000,0
20110503 030235830,264.220000,264.310000,0
20110503 030237580,264.220000,264.340000,0
20110503 030243393,264.240000,264.340000,0
20110503 030244423,264.220000,264.340000,0
20110503 030244767,264.240000,264.340000,0
20110503 030256800,264.220000,264.340000,0
20110503 030258860,264.180000,264.330000,0
20110503 030309207,264.170000,264.320000,0
20110503 030311267,264.160000,264.310000,0
20110503 030453703,264.150000,264.300000,0
20110503 030454703,264.160000,264.310000,0
20110503 030500923,264.150000,264.300000,0
20110503 030501267,264.140000,264.290000,0
20110503 030509143,264.190000,264.340000,0
20110503 030521173,264.180000,264.330000,0
20110503 030524610,264.170000,264.320000,0
20110503 030527360,264.160000,264.310000,0
20110503 030553487,264.250000,264.400000,0
20110503 030555890,264.270000,264.420000,0
20110503 030601047,264.280000,264.430000,0
20110503 030606907,264.250000,264.400000,0
20110503 030607237,264.230000,264.380000,0
20110503 030611703,264.240000,264.390000,0
20110503 030621017,264.230000,264.380000,0
20110503 030622017,264.230000,264.370000,0
20110503 030623080,264.230000,264.360000,0
20110503 030624110,264.200000,264.350000,0
20110503 030625487,264.190000,264.340000,0
20110503 030626517,264.190000,264.330000,0
20110503 030658487,264.170000,264.320000,0
20110503 030701877,264.190000,264.330000,0
20110503 031035390,264.200000,264.330000,0
20110503 031036047,264.190000,264.330000,0
20110503 031038093,264.200000,264.330000,0
20110503 031038827,264.190000,264.330000,0
20110503 031039170,264.200000,264.330000,0
20110503 031039857,264.190000,264.330000,0
20110503 031054640,264.200000,264.330000,0
20110503 031056357,264.190000,264.330000,0
20110503 031056687,264.200000,264.330000,0
20110503 031114547,264.200000,264.320000,0
20110503 031137920,264.210000,264.360000,0
20110503 031138250,264.220000,264.360000,0
20110503 031138607,264.210000,264.360000,0
20110503 031138953,264.230000,264.360000,0
20110503 031139983,264.250000,264.360000,0
20110503 031144797,264.230000,264.360000,0
20110503 031146513,264.250000,264.360000,0
20110503 031156857,264.210000,264.360000,0
20110503 031158203,264.220000,264.360000,0
20110503 031202703,264.250000,264.400000,0
20110503 031203030,264.270000,264.400000,0
20110503 031214357,264.300000,264.400000,0
20110503 031259390,264.300000,264.380000,0
20110503 031259733,264.300000,264.370000,0
20110503 031308670,264.300000,264.360000,0
20110503 031311450,264.280000,264.360000,0
20110503 031311797,264.250000,264.360000,0
20110503 031317983,264.300000,264.360000,0
20110503 031319670,264.280000,264.400000,0
20110503 031320733,264.270000,264.400000,0
20110503 031325857,264.290000,264.400000,0
20110503 031416733,264.310000,264.400000,0
20110503 031422577,264.280000,264.380000,0
20110503 031422920,264.280000,264.360000,0
20110503 031427387,264.260000,264.350000,0
20110503 031428077,264.260000,264.340000,0
20110503 031435670,264.240000,264.340000,0
20110503 031436700,264.260000,264.340000,0
20110503 031439403,264.240000,264.340000,0
20110503 031448717,264.260000,264.360000,0
20110503 031450420,264.280000,264.360000,0
20110503 031454903,264.290000,264.400000,0
20110503 031455233,264.310000,264.400000,0
20110503 031500387,264.330000,264.410000,0
20110503 031500733,264.360000,264.460000,0
20110503 031501077,264.310000,264.410000,0
20110503 031502137,264.340000,264.460000,0
20110503 031502483,264.360000,264.460000,0
20110503 031534793,264.360000,264.450000,0
20110503 031535137,264.360000,264.460000,0
20110503 031547827,264.310000,264.410000,0
20110503 031554357,264.260000,264.360000,0
20110503 031643873,264.210000,264.310000,0
20110503 031644543,264.210000,264.300000,0
20110503 031657607,264.170000,264.260000,0
20110503 031658980,264.130000,264.250000,0
20110503 031702077,264.170000,264.250000,0
20110503 031713763,264.150000,264.270000,0
20110503 031714450,264.170000,264.320000,0
20110503 031723730,264.120000,264.230000,0
20110503 031724073,264.140000,264.220000,0
20110503 031729917,264.120000,264.220000,0
20110503 031730950,264.140000,264.220000,0
20110503 031732323,264.120000,264.220000,0
20110503 031732667,264.140000,264.220000,0
20110503 031753293,264.250000,264.340000,0
20110503 031753637,264.280000,264.360000,0
20110503 031758107,264.280000,264.340000,0
20110503 031758450,264.200000,264.340000,0
20110503 031758810,264.160000,264.310000,0
20110503 031759137,264.170000,264.320000,0
20110503 031841417,264.160000,264.310000,0
20110503 031913387,264.170000,264.320000,0
20110503 031948433,264.180000,264.320000,0
20110503 032000167,264.170000,264.320000,0
20110503 032013917,264.180000,264.320000,0
20110503 032015293,264.170000,264.320000,0
20110503 032015947,264.180000,264.320000,0
20110503 032053433,264.190000,264.320000,0
20110503 032141573,264.190000,264.330000,0
20110503 032224150,264.200000,264.350000,0
20110503 032224493,264.210000,264.350000,0
20110503 032410400,264.200000,264.300000,0
20110503 032410760,264.200000,264.290000,0
20110503 032418307,264.200000,264.300000,0
20110503 032418633,264.200000,264.350000,0
20110503 032418977,264.210000,264.350000,0
20110503 032419993,264.270000,264.350000,0
20110503 032421057,264.290000,264.350000,0
20110503 032422073,264.300000,264.350000,0
20110503 032506777,264.210000,264.350000,0
20110503 032512963,264.300000,264.350000,0
20110503 032521917,264.290000,264.340000,0
20110503 032523603,264.270000,264.320000,0
20110503 032523930,264.260000,264.310000,0
20110503 032525667,264.290000,264.340000,0
20110503 032604180,264.180000,264.330000,0
20110503 032609993,264.290000,264.340000,0
20110503 032625510,264.300000,264.350000,0
20110503 032645103,264.190000,264.340000,0
20110503 032651977,264.300000,264.350000,0
20110503 032657790,264.300000,264.360000,0
20110503 032719460,264.290000,264.360000,0
20110503 032721180,264.310000,264.360000,0
20110503 032722227,264.320000,264.370000,0
20110503 032803460,264.260000,264.360000,0
20110503 032811353,264.260000,264.400000,0
20110503 032815493,264.320000,264.400000,0
20110503 032827163,264.320000,264.410000,0
20110503 032945180,264.350000,264.410000,0
20110503 033024740,264.280000,264.410000,0
20110503 033036413,264.350000,264.410000,0
20110503 033119710,264.350000,264.400000,0
20110503 033121617,264.280000,264.400000,0
20110503 033139320,264.290000,264.430000,0
20110503 033139677,264.300000,264.440000,0
20110503 033140350,264.300000,264.450000,0
20110503 033146537,264.310000,264.450000,0
20110503 033147913,264.320000,264.470000,0
20110503 033148257,264.370000,264.470000,0
20110503 033202007,264.360000,264.470000,0
20110503 033202350,264.360000,264.460000,0
20110503 033207163,264.360000,264.470000,0
20110503 033207850,264.370000,264.470000,0
20110503 033214710,264.360000,264.470000,0
20110503 033215070,264.360000,264.460000,0
20110503 033230570,264.360000,264.470000,0
20110503 033230897,264.370000,264.470000,0
20110503 033252537,264.340000,264.450000,0
20110503 033252913,264.350000,264.450000,0
20110503 033258037,264.350000,264.470000,0
20110503 033258413,264.370000,264.470000,0
20110503 033300460,264.320000,264.440000,0
20110503 033300817,264.300000,264.420000,0
20110503 033302163,264.290000,264.440000,0
20110503 033308693,264.310000,264.460000,0
20110503 033321757,264.320000,264.470000,0
20110503 033351317,264.310000,264.460000,0
20110503 033356130,264.320000,264.470000,0
20110503 033356473,264.330000,264.480000,0
20110503 033358537,264.340000,264.490000,0
20110503 033408177,264.330000,264.480000,0
20110503 033412287,264.340000,264.490000,0
20110503 033412617,264.350000,264.500000,0
20110503 033413663,264.340000,264.490000,0
20110503 033442537,264.330000,264.480000,0
20110503 033503507,264.340000,264.490000,0
20110503 033512100,264.350000,264.490000,0
20110503 033517973,264.340000,264.490000,0
20110503 033533410,264.340000,264.480000,0
20110503 033533757,264.330000,264.480000,0
20110503 033701787,264.350000,264.500000,0
20110503 033702473,264.360000,264.510000,0
20110503 033703130,264.370000,264.510000,0
20110503 033703473,264.360000,264.510000,0
20110503 033705520,264.350000,264.500000,0
20110503 033715880,264.360000,264.510000,0
20110503 033716910,264.370000,264.510000,0
20110503 033820160,264.360000,264.500000,0
20110503 033851440,264.410000,264.550000,0
20110503 033903097,264.420000,264.550000,0
20110503 033938877,264.430000,264.560000,0
20110503 033939190,264.460000,264.560000,0
20110503 034014597,264.460000,264.590000,0
20110503 034014940,264.490000,264.590000,0
20110503 034419033,264.480000,264.590000,0
20110503 034419377,264.490000,264.590000,0
20110503 034424157,264.510000,264.610000,0
20110503 034444923,264.560000,264.610000,0
20110503 034455423,264.560000,264.640000,0
20110503 034455783,264.560000,264.630000,0
20110503 034456847,264.590000,264.640000,0
20110503 034457877,264.600000,264.650000,0
20110503 034510907,264.610000,264.660000,0
20110503 034511267,264.610000,264.670000,0
20110503 034511610,264.610000,264.690000,0
20110503 034511953,264.710000,264.810000,0
20110503 034512283,264.760000,264.910000,0
20110503 034515047,264.770000,264.920000,0
20110503 034516080,264.780000,264.930000,0
20110503 034520907,264.800000,264.930000,0
20110503 034521923,264.780000,264.930000,0
20110503 034532940,264.780000,264.910000,0
20110503 034533283,264.780000,264.870000,0
20110503 034540470,264.780000,264.930000,0
20110503 034550813,264.800000,264.930000,0
20110503 034610720,264.780000,264.930000,0
20110503 034612470,264.800000,264.930000,0
20110503 034625140,264.780000,264.830000,0
20110503 034626563,264.770000,264.820000,0
20110503 034626907,264.780000,264.830000,0
20110503 034627220,264.770000,264.820000,0
20110503 034629627,264.780000,264.830000,0
20110503 034631360,264.760000,264.810000,0
20110503 034645437,264.770000,264.820000,0
20110503 034724970,264.780000,264.830000,0
20110503 034752470,264.770000,264.820000,0
20110503 034753517,264.760000,264.810000,0
20110503 034815843,264.660000,264.740000,0
20110503 034822377,264.660000,264.720000,0
20110503 034822720,264.660000,264.710000,0
20110503 034832017,264.650000,264.700000,0
20110503 034832343,264.640000,264.690000,0
20110503 035025437,264.630000,264.680000,0
20110503 035026813,264.620000,264.670000,0
20110503 035103937,264.630000,264.680000,0
20110503 035108750,264.620000,264.670000,0
20110503 035110813,264.630000,264.680000,0
20110503 035112187,264.620000,264.670000,0
20110503 035119407,264.630000,264.680000,0
20110503 035124217,264.640000,264.690000,0
20110503 035133157,264.600000,264.700000,0
20110503 035133843,264.610000,264.700000,0
20110503 035134873,264.630000,264.700000,0
20110503 035135907,264.640000,264.700000,0
20110503 035209967,264.660000,264.710000,0
20110503 035233310,264.670000,264.720000,0
20110503 035255997,264.680000,264.730000,0
20110503 035316687,264.670000,264.740000,0
20110503 035316967,264.680000,264.740000,0
20110503 035318013,264.700000,264.750000,0
20110503 035319030,264.710000,264.760000,0
20110503 035347577,264.700000,264.750000,0
20110503 035356497,264.690000,264.740000,0
20110503 035356843,264.700000,264.750000,0
20110503 035357187,264.710000,264.760000,0
20110503 035358920,264.700000,264.750000,0
20110503 035405437,264.680000,264.730000,0
20110503 035406123,264.700000,264.750000,0
20110503 035409560,264.710000,264.760000,0
20110503 035411637,264.700000,264.750000,0
20110503 035420577,264.680000,264.730000,0
20110503 035421967,264.670000,264.720000,0
20110503 035459060,264.680000,264.730000,0
20110503 035508687,264.660000,264.720000,0
20110503 035513857,264.690000,264.740000,0
20110503 035514187,264.700000,264.750000,0
20110503 035520717,264.660000,264.740000,0
20110503 035537217,264.680000,264.740000,0
20110503 035537903,264.660000,264.740000,0
20110503 035616090,264.630000,264.690000,0
20110503 035625373,264.610000,264.690000,0
20110503 035633950,264.630000,264.740000,0
20110503 035634277,264.650000,264.740000,0
20110503 035656967,264.660000,264.740000,0
20110503 035713123,264.650000,264.740000,0
20110503 035817747,264.640000,264.740000,0
20110503 035818090,264.650000,264.740000,0
20110503 035841120,264.640000,264.700000,0
20110503 035902090,264.600000,264.650000,0
20110503 035902777,264.570000,264.650000,0
20110503 035904153,264.570000,264.660000,0
20110503 035933730,264.570000,264.650000,0
20110503 040014277,264.560000,264.650000,0
20110503 040018777,264.570000,264.650000,0
20110503 040019120,264.580000,264.670000,0
20110503 040032153,264.590000,264.670000,0
20110503 040033167,264.560000,264.650000,0
20110503 040059307,264.560000,264.660000,0
20110503 040059650,264.570000,264.660000,0
20110503 040115120,264.550000,264.640000,0
20110503 040153293,264.550000,264.630000,0
20110503 040153637,264.540000,264.630000,0
20110503 040153980,264.530000,264.610000,0
20110503 040223887,264.540000,264.640000,0
20110503 040244167,264.540000,264.630000,0
20110503 040244510,264.530000,264.630000,0
20110503 040244887,264.530000,264.610000,0
20110503 040314760,264.530000,264.620000,0
20110503 040315103,264.540000,264.640000,0
20110503 040335387,264.530000,264.630000,0
20110503 040335730,264.530000,264.590000,0
20110503 040405637,264.530000,264.610000,0
20110503 040405977,264.540000,264.640000,0
20110503 040426603,264.530000,264.630000,0
20110503 040426947,264.530000,264.590000,0
20110503 040445883,264.520000,264.590000,0
20110503 040456853,264.520000,264.600000,0
20110503 040457197,264.540000,264.610000,0
20110503 040457540,264.540000,264.630000,0
20110503 040517477,264.530000,264.620000,0
20110503 040517823,264.530000,264.610000,0
20110503 040518167,264.520000,264.610000,0
20110503 040548073,264.540000,264.630000,0
20110503 040608027,264.520000,264.610000,0
20110503 040608337,264.520000,264.590000,0
20110503 040628290,264.520000,264.570000,0
20110503 040649603,264.540000,264.630000,0
20110503 040658883,264.540000,264.610000,0
20110503 040659227,264.520000,264.590000,0
20110503 040729477,264.540000,264.610000,0
20110503 040729853,264.540000,264.630000,0
20110503 040749773,264.540000,264.610000,0
20110503 040750103,264.520000,264.610000,0
20110503 040820040,264.530000,264.620000,0
20110503 040820353,264.540000,264.630000,0
20110503 040840993,264.520000,264.610000,0
20110503 040843400,264.530000,264.620000,0
20110503 040846820,264.540000,264.630000,0
20110503 040848197,264.550000,264.650000,0
20110503 040848570,264.560000,264.650000,0
20110503 040850603,264.620000,264.680000,0
20110503 040851633,264.570000,264.660000,0
20110503 040852007,264.560000,264.650000,0
20110503 040854040,264.620000,264.680000,0
20110503 040911947,264.630000,264.680000,0
20110503 040912273,264.630000,264.700000,0
20110503 040912947,264.640000,264.700000,0
20110503 040913290,264.650000,264.750000,0
20110503 040913633,264.660000,264.750000,0
20110503 040915350,264.700000,264.750000,0
20110503 040929117,264.710000,264.760000,0
20110503 040937007,264.700000,264.750000,0
20110503 041010007,264.700000,264.800000,0
20110503 041010350,264.710000,264.800000,0
20110503 041014163,264.750000,264.800000,0
20110503 041018960,264.760000,264.810000,0
20110503 041034773,264.780000,264.880000,0
20110503 041035100,264.790000,264.880000,0
20110503 041130477,264.850000,264.910000,0
20110503 041130820,264.860000,264.910000,0
20110503 041132163,264.860000,264.950000,0
20110503 041138350,264.900000,264.960000,0
20110503 041138727,264.910000,264.960000,0
20110503 041156227,264.920000,264.970000,0
20110503 041156600,264.960000,265.010000,0
20110503 041156943,264.970000,265.020000,0
20110503 041203100,265.020000,265.070000,0
20110503 041204477,265.030000,265.080000,0
20110503 041205507,265.040000,265.090000,0
20110503 041207587,265.130000,265.200000,0
20110503 041207913,265.130000,265.190000,0
20110503 041208960,265.130000,265.180000,0
20110503 041209273,265.070000,265.170000,0
20110503 041209633,265.070000,265.160000,0
20110503 041209977,265.090000,265.160000,0
20110503 041210320,265.090000,265.140000,0
20110503 041210990,265.100000,265.150000,0
20110503 041211350,265.110000,265.160000,0
20110503 041212037,265.120000,265.170000,0
20110503 041216537,265.110000,265.160000,0
20110503 041217537,265.100000,265.150000,0
20110503 041223037,265.090000,265.140000,0
20110503 041223757,265.080000,265.130000,0
20110503 041231303,265.070000,265.120000,0
20110503 041234037,265.080000,265.130000,0
20110503 041237130,264.970000,265.090000,0
20110503 041252630,264.980000,265.110000,0
20110503 041252977,265.010000,265.110000,0
20110503 041256757,264.970000,265.080000,0
20110503 041257100,264.960000,265.060000,0
20110503 041259850,264.990000,265.110000,0
20110503 041300193,265.010000,265.110000,0
20110503 041303287,265.010000,265.140000,0
20110503 041303977,265.060000,265.160000,0
20110503 041304320,265.050000,265.160000,0
20110503 041304630,265.090000,265.160000,0
20110503 041317007,265.060000,265.160000,0
20110503 041317367,265.060000,265.150000,0
20110503 041319413,265.080000,265.170000,0
20110503 041320117,265.090000,265.170000,0
20110503 041320803,265.090000,265.180000,0
20110503 041322850,265.080000,265.180000,0
20110503 041323210,265.090000,265.180000,0
20110503 041359630,265.100000,265.200000,0
20110503 041400007,265.110000,265.200000,0
20110503 041413397,265.100000,265.150000,0
20110503 041441913,265.090000,265.150000,0
20110503 041442257,265.060000,265.150000,0
20110503 041455333,265.130000,265.200000,0
20110503 041455693,265.140000,265.200000,0
20110503 041458770,265.090000,265.180000,0
20110503 041501880,265.090000,265.190000,0
20110503 041502193,265.100000,265.190000,0
20110503 041504270,265.090000,265.180000,0
20110503 041513193,265.090000,265.190000,0
20110503 041513553,265.100000,265.190000,0
20110503 041518693,265.110000,265.210000,0
20110503 041519053,265.120000,265.210000,0
20110503 041542410,265.120000,265.200000,0
20110503 041616130,265.120000,265.180000,0
20110503 041710410,265.110000,265.160000,0
20110503 041712490,265.090000,265.140000,0
20110503 041736177,265.080000,265.130000,0
20110503 041746503,265.090000,265.140000,0
20110503 041759943,264.960000,265.110000,0
20110503 041805787,265.090000,265.140000,0
20110503 041821583,265.080000,265.130000,0
20110503 041836347,265.070000,265.120000,0
20110503 041910723,264.970000,265.120000,0
20110503 041911067,265.020000,265.120000,0
20110503 041952660,265.010000,265.120000,0
20110503 041953003,265.010000,265.110000,0
20110503 042357407,265.010000,265.080000,0
20110503 042357753,264.970000,265.060000,0
20110503 042417347,264.970000,265.050000,0
20110503 042424940,264.970000,265.020000,0
20110503 042429050,264.970000,265.030000,0
20110503 042436597,264.900000,265.000000,0
20110503 042437970,264.900000,264.990000,0
20110503 042528173,264.890000,264.990000,0
20110503 042528500,264.900000,264.990000,0
20110503 042616627,264.900000,265.000000,0
20110503 042616970,264.910000,265.000000,0
20110503 042638643,264.890000,264.980000,0
20110503 042638970,264.900000,264.980000,0
20110503 042652720,264.920000,265.010000,0
20110503 042653063,264.930000,265.010000,0
20110503 042653407,264.930000,265.030000,0
20110503 042653750,264.930000,265.070000,0
20110503 042654813,264.940000,265.080000,0
20110503 042701313,264.940000,265.060000,0
20110503 042702347,264.940000,265.080000,0
20110503 042712673,264.930000,265.060000,0
20110503 042716437,264.940000,265.060000,0
20110503 042726750,264.930000,265.060000,0
20110503 042747720,264.940000,265.060000,0
20110503 042803563,264.930000,265.060000,0
20110503 042803907,264.940000,265.060000,0
20110503 042805283,264.920000,265.060000,0
20110503 042806313,264.910000,265.050000,0
20110503 042807000,264.920000,265.050000,0
20110503 042810437,264.920000,265.060000,0
20110503 042811127,264.940000,265.060000,0
20110503 042821783,264.930000,265.060000,0
20110503 042822127,264.940000,265.060000,0
20110503 042824157,264.930000,265.060000,0
20110503 042829313,264.940000,265.060000,0
20110503 042843750,264.930000,265.060000,0
20110503 042844453,264.940000,265.060000,0
20110503 042846500,264.930000,265.060000,0
20110503 042937377,264.940000,265.060000,0
20110503 042942877,264.920000,265.050000,0
20110503 042944610,264.920000,265.000000,0
20110503 042944953,264.890000,264.990000,0
20110503 043035843,264.880000,264.990000,0
20110503 043036157,264.890000,264.990000,0
20110503 043047873,264.880000,264.990000,0
20110503 043048217,264.890000,264.990000,0
20110503 043048563,264.880000,264.990000,0
20110503 043048890,264.890000,264.990000,0
20110503 043051640,264.880000,264.990000,0
20110503 043051967,264.890000,264.990000,0
20110503 043052687,264.870000,264.950000,0
20110503 043129110,264.860000,264.950000,0
20110503 043152123,264.870000,264.950000,0
20110503 043218250,264.870000,264.980000,0
20110503 043218593,264.890000,264.980000,0
20110503 043223407,264.950000,265.000000,0
20110503 043223750,264.970000,265.020000,0
20110503 043230640,265.010000,265.110000,0
20110503 043230967,265.040000,265.110000,0
20110503 043231670,265.040000,265.120000,0
20110503 043235780,265.010000,265.090000,0
20110503 043237157,265.010000,265.070000,0
20110503 043254687,265.010000,265.060000,0
20110503 043413403,265.010000,265.090000,0
20110503 043422343,265.010000,265.110000,0
20110503 043422577,265.020000,265.110000,0
20110503 043429937,265.060000,265.120000,0
20110503 043430280,265.070000,265.120000,0
20110503 043447093,265.080000,265.130000,0
20110503 043449153,265.090000,265.140000,0
20110503 043458437,265.020000,265.110000,0
20110503 043502593,265.050000,265.120000,0
20110503 043506373,265.050000,265.150000,0
20110503 043507030,265.060000,265.150000,0
20110503 043509780,265.050000,265.120000,0
20110503 043757527,265.050000,265.150000,0
20110503 043757873,265.060000,265.150000,0
20110503 043811967,265.070000,265.150000,0
20110503 043828810,265.040000,265.120000,0
20110503 043836370,265.050000,265.120000,0
20110503 043836717,265.070000,265.150000,0
20110503 043837403,265.040000,265.120000,0
