20110601 004728430,266.450000,266.600000,0
20110601 004731180,266.490000,266.640000,0
20110601 004857117,266.480000,266.630000,0
20110601 004901587,266.490000,266.640000,0
20110601 005057087,266.480000,266.630000,0
20110601 005604397,266.420000,266.570000,0
20110601 005720053,266.450000,266.600000,0
20110601 005725863,266.420000,266.570000,0
20110601 005947147,266.430000,266.580000,0
20110601 005953333,266.420000,266.570000,0
20110601 005953677,266.430000,266.580000,0
20110601 005954363,266.420000,266.570000,0
20110601 010001927,266.460000,266.610000,0
20110601 010005707,266.450000,266.600000,0
20110601 010011897,266.460000,266.610000,0
20110601 010359800,266.450000,266.600000,0
20110601 010405987,266.460000,266.610000,0
20110601 011929293,266.450000,266.600000,0
20110601 011934793,266.460000,266.610000,0
20110601 012230793,266.450000,266.600000,0
20110601 012236980,266.460000,266.610000,0
20110601 012306887,266.450000,266.600000,0
20110601 012313073,266.460000,266.610000,0
20110601 012552260,266.450000,266.600000,0
20110601 012558073,266.460000,266.610000,0
20110601 013139070,266.450000,266.600000,0
20110601 013144913,266.460000,266.610000,0
20110601 013403367,266.470000,266.620000,0
20110601 013515630,266.460000,266.610000,0
20110601 013521820,266.470000,266.620000,0
20110601 013757880,266.460000,266.610000,0
20110601 014048737,266.450000,266.600000,0
20110601 014054927,266.460000,266.610000,0
20110601 014128287,266.450000,266.600000,0
20110601 014134113,266.460000,266.610000,0
20110601 014246987,266.470000,266.620000,0
20110601 014310363,266.460000,266.610000,0
20110601 014316893,266.470000,266.620000,0
20110601 014351267,266.460000,266.610000,0
20110601 014352987,266.470000,266.620000,0
20110601 014942250,266.460000,266.610000,0
20110601 014948080,266.470000,266.620000,0
20110601 015016267,266.460000,266.610000,0
20110601 015129827,266.470000,266.620000,0
20110601 015134640,266.460000,266.610000,0
20110601 015148733,266.470000,266.620000,0
20110601 015326360,266.410000,266.560000,0
20110601 015327047,266.370000,266.520000,0
20110601 015327390,266.350000,266.500000,0
20110601 015327733,266.340000,266.490000,0
20110601 015328077,266.330000,266.480000,0
20110601 015333920,266.400000,266.550000,0
20110601 015737637,266.450000,266.600000,0
20110601 015739717,266.480000,266.570000,0
20110601 015814077,266.460000,266.610000,0
20110601 020319323,266.400000,266.550000,0
20110601 020328620,266.420000,266.570000,0
20110601 020328947,266.400000,266.550000,0
20110601 020335153,266.390000,266.540000,0
20110601 020335823,266.400000,266.550000,0
20110601 020339607,266.390000,266.540000,0
20110601 020344417,266.400000,266.550000,0
20110601 020346823,266.390000,266.540000,0
20110601 020358510,266.400000,266.550000,0
20110601 020359887,266.390000,266.540000,0
20110601 020400917,266.380000,266.530000,0
20110601 020402637,266.370000,266.520000,0
20110601 020409167,266.380000,266.530000,0
20110601 020458353,266.370000,266.520000,0
20110601 020503823,266.380000,266.530000,0
20110601 020513103,266.400000,266.550000,0
20110601 020526853,266.380000,266.530000,0
20110601 020527540,266.400000,266.550000,0
20110601 020527887,266.380000,266.530000,0
20110601 020544387,266.400000,266.550000,0
20110601 020547823,266.380000,266.530000,0
20110601 020552980,266.400000,266.550000,0
20110601 020554370,266.380000,266.530000,0
20110601 020558823,266.400000,266.550000,0
20110601 020559167,266.410000,266.560000,0
20110601 020559510,266.440000,266.590000,0
20110601 020659667,266.450000,266.600000,0
20110601 020737477,266.460000,266.610000,0
20110601 021109603,266.230000,266.380000,0
20110601 021110273,266.280000,266.410000,0
20110601 021111650,266.450000,266.600000,0
20110601 021118867,266.420000,266.570000,0
20110601 021119557,266.370000,266.520000,0
20110601 021127460,266.360000,266.510000,0
20110601 021127807,266.340000,266.490000,0
20110601 021210773,266.330000,266.480000,0
20110601 021211117,266.340000,266.490000,0
20110601 021309897,266.220000,266.370000,0
20110601 021310243,266.210000,266.360000,0
20110601 021359397,266.140000,266.290000,0
20110601 021359740,266.100000,266.250000,0
20110601 021401460,266.110000,266.260000,0
20110601 021404553,266.170000,266.320000,0
20110601 021405257,266.200000,266.350000,0
20110601 021418350,266.100000,266.250000,0
20110601 021418647,266.090000,266.240000,0
20110601 021420023,266.100000,266.250000,0
20110601 021603163,266.080000,266.230000,0
20110601 021611070,266.110000,266.260000,0
20110601 021611757,266.100000,266.250000,0
20110601 021635130,266.170000,266.280000,0
20110601 021636850,266.190000,266.280000,0
20110601 021645787,266.240000,266.330000,0
20110601 021710537,266.320000,266.440000,0
20110601 021711223,266.340000,266.460000,0
20110601 021718787,266.240000,266.360000,0
20110601 021736317,266.190000,266.310000,0
20110601 021736663,266.190000,266.280000,0
20110601 021740100,266.200000,266.290000,0
20110601 021801067,266.190000,266.280000,0
20110601 021805537,266.240000,266.360000,0
20110601 021806567,266.350000,266.500000,0
20110601 021806927,266.380000,266.530000,0
20110601 021807257,266.400000,266.550000,0
20110601 021818257,266.190000,266.340000,0
20110601 021818600,266.170000,266.280000,0
20110601 021820317,266.180000,266.330000,0
20110601 021823350,266.200000,266.320000,0
20110601 021830630,266.200000,266.290000,0
20110601 021833037,266.260000,266.380000,0
20110601 021834067,266.330000,266.480000,0
20110601 021834410,266.380000,266.530000,0
20110601 021838207,266.410000,266.560000,0
20110601 021845757,266.430000,266.580000,0
20110601 021848850,266.300000,266.450000,0
20110601 021849193,266.290000,266.440000,0
20110601 021850223,266.300000,266.450000,0
20110601 021851600,266.240000,266.390000,0
20110601 021852630,266.230000,266.380000,0
20110601 021856757,266.260000,266.410000,0
20110601 021857787,266.270000,266.390000,0
20110601 021859160,266.240000,266.360000,0
20110601 021901567,266.290000,266.410000,0
20110601 021902600,266.330000,266.450000,0
20110601 021902943,266.340000,266.460000,0
20110601 021904317,266.220000,266.340000,0
20110601 021904660,266.290000,266.410000,0
20110601 021906037,266.430000,266.580000,0
20110601 021917380,266.450000,266.600000,0
20110601 021918410,266.460000,266.610000,0
20110601 022110817,266.440000,266.590000,0
20110601 022120800,266.390000,266.540000,0
20110601 022325223,266.410000,266.560000,0
20110601 022541003,266.440000,266.590000,0
20110601 022631533,266.490000,266.640000,0
20110601 022631893,266.500000,266.650000,0
20110601 022632220,266.490000,266.640000,0
20110601 022701783,266.500000,266.650000,0
20110601 022702470,266.490000,266.640000,0
20110601 022726533,266.440000,266.590000,0
20110601 022726877,266.400000,266.550000,0
20110601 022727563,266.370000,266.520000,0
20110601 022727907,266.360000,266.510000,0
20110601 022729283,266.430000,266.580000,0
20110601 022730657,266.440000,266.590000,0
20110601 022735830,266.460000,266.610000,0
20110601 022736517,266.450000,266.600000,0
20110601 022757143,266.350000,266.500000,0
20110601 022757830,266.360000,266.500000,0
20110601 022800237,266.400000,266.500000,0
20110601 022804017,266.380000,266.480000,0
20110601 022804707,266.380000,266.490000,0
20110601 022805737,266.410000,266.560000,0
20110601 022806423,266.430000,266.580000,0
20110601 022806767,266.440000,266.570000,0
20110601 022807457,266.440000,266.590000,0
20110601 022807797,266.380000,266.500000,0
20110601 022808143,266.380000,266.490000,0
20110601 022809533,266.380000,266.470000,0
20110601 022818110,266.400000,266.530000,0
20110601 022818797,266.440000,266.590000,0
20110601 022849047,266.410000,266.560000,0
20110601 022901767,266.380000,266.500000,0
20110601 022902110,266.380000,266.490000,0
20110601 022903143,266.380000,266.470000,0
20110601 022914487,266.400000,266.520000,0
20110601 022915517,266.410000,266.560000,0
20110601 022916893,266.380000,266.480000,0
20110601 022917597,266.380000,266.470000,0
20110601 022930297,266.370000,266.460000,0
20110601 022934423,266.360000,266.450000,0
20110601 023001237,266.280000,266.400000,0
20110601 023001923,266.260000,266.380000,0
20110601 023002267,266.250000,266.390000,0
20110601 023003987,266.260000,266.400000,0
20110601 023005017,266.260000,266.410000,0
20110601 023007423,266.290000,266.440000,0
20110601 023008110,266.290000,266.430000,0
20110601 023009487,266.280000,266.380000,0
20110601 023010173,266.280000,266.370000,0
20110601 023037687,266.290000,266.370000,0
20110601 023039047,266.290000,266.390000,0
20110601 023041453,266.300000,266.420000,0
20110601 023042157,266.350000,266.420000,0
20110601 023042830,266.320000,266.450000,0
20110601 023043533,266.350000,266.470000,0
20110601 023043877,266.350000,266.480000,0
20110601 023044220,266.410000,266.560000,0
20110601 023046970,266.430000,266.580000,0
20110601 023049017,266.400000,266.520000,0
20110601 023049377,266.350000,266.490000,0
20110601 023050407,266.350000,266.500000,0
20110601 023052453,266.370000,266.500000,0
20110601 023053500,266.380000,266.530000,0
20110601 023057267,266.370000,266.520000,0
20110601 023058330,266.350000,266.500000,0
20110601 023104157,266.370000,266.520000,0
20110601 023104827,266.360000,266.510000,0
20110601 023105173,266.370000,266.520000,0
20110601 023105860,266.380000,266.530000,0
20110601 023106563,266.390000,266.540000,0
20110601 023106923,266.430000,266.580000,0
20110601 023108610,266.350000,266.500000,0
20110601 023111360,266.330000,266.480000,0
20110601 023113767,266.380000,266.510000,0
20110601 023114127,266.420000,266.570000,0
20110601 023114797,266.430000,266.580000,0
20110601 023122703,266.450000,266.600000,0
20110601 023132000,266.460000,266.610000,0
20110601 023137173,266.470000,266.620000,0
20110601 023138877,266.460000,266.610000,0
20110601 023139203,266.450000,266.600000,0
20110601 023139547,266.440000,266.590000,0
20110601 023141610,266.430000,266.580000,0
20110601 023142313,266.410000,266.560000,0
20110601 023147813,266.430000,266.580000,0
20110601 023151923,266.410000,266.560000,0
20110601 023152267,266.420000,266.570000,0
20110601 023152627,266.410000,266.560000,0
20110601 023153297,266.420000,266.570000,0
20110601 023156390,266.410000,266.560000,0
20110601 023157093,266.430000,266.580000,0
20110601 023159827,266.450000,266.600000,0
20110601 023200860,266.440000,266.590000,0
20110601 023201907,266.450000,266.600000,0
20110601 023214610,266.460000,266.610000,0
20110601 023215687,266.450000,266.600000,0
20110601 023216673,266.420000,266.570000,0
20110601 023219437,266.430000,266.580000,0
20110601 023225280,266.440000,266.580000,0
20110601 023225970,266.430000,266.580000,0
20110601 023227327,266.440000,266.580000,0
20110601 023227673,266.430000,266.580000,0
20110601 023259983,266.400000,266.550000,0
20110601 023300327,266.390000,266.540000,0
20110601 023301703,266.410000,266.540000,0
20110601 023335750,266.410000,266.530000,0
20110601 023338843,266.410000,266.540000,0
20110601 023339873,266.410000,266.530000,0
20110601 023341250,266.410000,266.510000,0
20110601 023343313,266.410000,266.530000,0
20110601 023348110,266.400000,266.530000,0
20110601 023349140,266.410000,266.530000,0
20110601 023349827,266.410000,266.520000,0
20110601 023353610,266.410000,266.530000,0
20110601 023357420,266.410000,266.520000,0
20110601 023401873,266.410000,266.500000,0
20110601 023411843,266.410000,266.520000,0
20110601 023415953,266.410000,266.500000,0
20110601 023416297,266.410000,266.520000,0
20110601 023436937,266.410000,266.530000,0
20110601 023455140,266.410000,266.520000,0
20110601 023456873,266.410000,266.530000,0
20110601 023457203,266.410000,266.520000,0
20110601 023459607,266.420000,266.540000,0
20110601 023502357,266.410000,266.530000,0
20110601 023511297,266.420000,266.540000,0
20110601 023543280,266.430000,266.540000,0
20110601 023548077,266.420000,266.540000,0
20110601 023548420,266.430000,266.540000,0
20110601 023549797,266.420000,266.540000,0
20110601 023550140,266.430000,266.540000,0
20110601 023550827,266.420000,266.540000,0
20110601 023551530,266.430000,266.540000,0
20110601 023551857,266.420000,266.540000,0
20110601 023559077,266.450000,266.570000,0
20110601 023559763,266.480000,266.600000,0
20110601 023600107,266.490000,266.610000,0
20110601 023600797,266.480000,266.630000,0
20110601 023830327,266.440000,266.580000,0
20110601 023831357,266.430000,266.580000,0
20110601 023843403,266.420000,266.560000,0
20110601 023844090,266.430000,266.580000,0
20110601 023851997,266.420000,266.560000,0
20110601 023855780,266.430000,266.580000,0
20110601 023905403,266.420000,266.540000,0
20110601 023906420,266.420000,266.560000,0
20110601 023910560,266.420000,266.540000,0
20110601 023911590,266.420000,266.560000,0
20110601 023915357,266.400000,266.550000,0
20110601 023915700,266.400000,266.540000,0
20110601 023916403,266.390000,266.540000,0
20110601 023917090,266.390000,266.520000,0
20110601 023917420,266.390000,266.540000,0
20110601 023917763,266.390000,266.530000,0
20110601 023920543,266.390000,266.510000,0
20110601 023920873,266.390000,266.490000,0
20110601 023921543,266.390000,266.510000,0
20110601 023926700,266.390000,266.490000,0
20110601 023927043,266.390000,266.510000,0
20110601 023932903,266.390000,266.530000,0
20110601 023933937,266.390000,266.510000,0
20110601 023942527,266.400000,266.550000,0
20110601 023945607,266.390000,266.530000,0
20110601 023947327,266.400000,266.550000,0
20110601 023948373,266.390000,266.530000,0
20110601 023948700,266.400000,266.550000,0
20110601 023952857,266.390000,266.530000,0
20110601 023953513,266.400000,266.550000,0
20110601 023954903,266.390000,266.530000,0
20110601 024000043,266.390000,266.510000,0
20110601 024002793,266.390000,266.530000,0
20110601 024004857,266.390000,266.510000,0
20110601 024012763,266.400000,266.550000,0
20110601 024036137,266.440000,266.590000,0
20110601 024036480,266.450000,266.600000,0
20110601 024123933,266.430000,266.510000,0
20110601 024131497,266.450000,266.600000,0
20110601 024234403,266.440000,266.590000,0
20110601 024235073,266.380000,266.530000,0
20110601 024235417,266.370000,266.520000,0
20110601 024236120,266.380000,266.530000,0
20110601 024238870,266.370000,266.510000,0
20110601 024239217,266.380000,266.530000,0
20110601 024242293,266.370000,266.510000,0
20110601 024259823,266.380000,266.530000,0
20110601 024300857,266.370000,266.510000,0
20110601 024306357,266.380000,266.530000,0
20110601 024310823,266.370000,266.510000,0
20110601 024312213,266.380000,266.530000,0
20110601 024312543,266.370000,266.510000,0
20110601 024314620,266.380000,266.530000,0
20110601 024314950,266.340000,266.490000,0
20110601 024318043,266.340000,266.480000,0
20110601 024319417,266.300000,266.450000,0
20110601 024321137,266.310000,266.460000,0
20110601 024335230,266.300000,266.450000,0
20110601 024335590,266.310000,266.460000,0
20110601 024336620,266.300000,266.450000,0
20110601 024336950,266.310000,266.460000,0
20110601 024341777,266.300000,266.450000,0
20110601 024353107,266.310000,266.460000,0
20110601 024356887,266.280000,266.430000,0
20110601 024416137,266.350000,266.460000,0
20110601 024416480,266.360000,266.460000,0
20110601 024417167,266.370000,266.460000,0
20110601 024540010,266.270000,266.390000,0
20110601 024541730,266.260000,266.410000,0
20110601 024542073,266.280000,266.410000,0
20110601 024548337,266.300000,266.450000,0
20110601 024602353,266.270000,266.400000,0
20110601 024605790,266.370000,266.510000,0
20110601 024606137,266.390000,266.540000,0
20110601 024606823,266.400000,266.540000,0
20110601 024607167,266.350000,266.500000,0
20110601 024607510,266.330000,266.480000,0
20110601 024611980,266.400000,266.500000,0
20110601 024616790,266.450000,266.590000,0
20110601 024617137,266.460000,266.610000,0
20110601 024617480,266.470000,266.610000,0
20110601 024618167,266.460000,266.610000,0
20110601 024631573,266.450000,266.590000,0
20110601 024634323,266.460000,266.610000,0
20110601 024639137,266.450000,266.590000,0
20110601 024639480,266.460000,266.610000,0
20110601 024644980,266.450000,266.590000,0
20110601 024739637,266.460000,266.610000,0
20110601 024757167,266.450000,266.590000,0
20110601 024842883,266.460000,266.610000,0
20110601 024847010,266.450000,266.590000,0
20110601 024849073,266.460000,266.610000,0
20110601 024857667,266.450000,266.590000,0
20110601 024958167,266.460000,266.610000,0
20110601 025022917,266.500000,266.640000,0
20110601 025023947,266.520000,266.640000,0
20110601 025026697,266.530000,266.680000,0
20110601 025032883,266.520000,266.640000,0
20110601 025035977,266.530000,266.680000,0
20110601 025041820,266.520000,266.640000,0
20110601 025123413,266.520000,266.660000,0
20110601 025124477,266.520000,266.640000,0
20110601 025127197,266.520000,266.620000,0
20110601 025130633,266.520000,266.640000,0
20110601 025140257,266.520000,266.660000,0
20110601 025140603,266.530000,266.680000,0
20110601 025146790,266.520000,266.660000,0
20110601 025147837,266.520000,266.620000,0
20110601 025239383,266.520000,266.640000,0
20110601 025249007,266.480000,266.630000,0
20110601 025300007,266.530000,266.650000,0
20110601 025300350,266.540000,266.680000,0
20110601 025301383,266.550000,266.680000,0
20110601 025302757,266.550000,266.660000,0
20110601 025307587,266.500000,266.650000,0
20110601 025307913,266.480000,266.620000,0
20110601 025308947,266.480000,266.630000,0
20110601 025351930,266.470000,266.620000,0
20110601 025352257,266.460000,266.590000,0
20110601 025422523,266.460000,266.570000,0
20110601 025423537,266.460000,266.590000,0
20110601 025425257,266.460000,266.570000,0
20110601 025425947,266.460000,266.590000,0
20110601 025431460,266.480000,266.630000,0
20110601 025436943,266.460000,266.590000,0
20110601 025439693,266.460000,266.570000,0
20110601 025444507,266.460000,266.590000,0
20110601 025447600,266.460000,266.570000,0
20110601 025501350,266.460000,266.590000,0
20110601 025502037,266.460000,266.570000,0
20110601 025508227,266.460000,266.550000,0
20110601 025513383,266.460000,266.570000,0
20110601 025535383,266.460000,266.590000,0
20110601 025600477,266.470000,266.620000,0
20110601 025636583,266.460000,266.610000,0
20110601 025637257,266.470000,266.620000,0
20110601 025813537,266.480000,266.630000,0
20110601 030000473,266.470000,266.620000,0
20110601 030038927,266.440000,266.590000,0
20110601 030039270,266.430000,266.540000,0
20110601 030159707,266.440000,266.540000,0
20110601 030204520,266.430000,266.540000,0
20110601 030204863,266.430000,266.530000,0
20110601 030216207,266.420000,266.530000,0
20110601 030219647,266.430000,266.530000,0
20110601 030224800,266.420000,266.530000,0
20110601 030243020,266.410000,266.520000,0
20110601 030243333,266.370000,266.520000,0
20110601 030243380,266.370000,266.480000,0
20110601 030244737,266.390000,266.480000,0
20110601 030347987,266.410000,266.500000,0
20110601 030348333,266.410000,266.510000,0
20110601 030357957,266.420000,266.520000,0
20110601 030358317,266.460000,266.550000,0
20110601 030422363,266.440000,266.540000,0
20110601 030425800,266.420000,266.540000,0
20110601 030426143,266.420000,266.510000,0
20110601 030437830,266.430000,266.530000,0
20110601 030505677,266.420000,266.520000,0
20110601 030506020,266.420000,266.510000,0
20110601 030509800,266.440000,266.530000,0
20110601 030510143,266.440000,266.540000,0
20110601 030559987,266.420000,266.510000,0
20110601 030607550,266.430000,266.520000,0
20110601 030654317,266.400000,266.500000,0
20110601 030659800,266.390000,266.500000,0
20110601 030700143,266.390000,266.490000,0
20110601 030707363,266.420000,266.510000,0
20110601 030710127,266.390000,266.510000,0
20110601 030710457,266.390000,266.490000,0
20110601 030718017,266.400000,266.490000,0
20110601 030720080,266.390000,266.490000,0
20110601 030720423,266.410000,266.500000,0
20110601 030725610,266.430000,266.530000,0
20110601 030731080,266.420000,266.510000,0
20110601 030736597,266.400000,266.500000,0
20110601 030741737,266.420000,266.510000,0
20110601 031018330,266.410000,266.510000,0
20110601 031018830,266.410000,266.500000,0
20110601 031020547,266.420000,266.510000,0
20110601 031023640,266.430000,266.520000,0
20110601 031023987,266.430000,266.530000,0
20110601 031119330,266.460000,266.580000,0
20110601 031120377,266.480000,266.630000,0
20110601 031246657,266.490000,266.630000,0
20110601 031250077,266.490000,266.640000,0
20110601 031311390,266.490000,266.630000,0
20110601 031341327,266.490000,266.640000,0
20110601 031408830,266.490000,266.630000,0
20110601 031510360,266.450000,266.560000,0
20110601 031631487,266.440000,266.550000,0
20110601 031631830,266.440000,266.540000,0
20110601 031632190,266.450000,266.540000,0
20110601 031636297,266.440000,266.540000,0
20110601 031636643,266.440000,266.530000,0
20110601 031652110,266.450000,266.540000,0
20110601 031701423,266.470000,266.550000,0
20110601 031701737,266.470000,266.560000,0
20110601 031722703,266.460000,266.560000,0
20110601 031723063,266.450000,266.550000,0
20110601 031724423,266.450000,266.540000,0
20110601 031729237,266.450000,266.550000,0
20110601 031747797,266.450000,266.540000,0
20110601 031752627,266.470000,266.550000,0
20110601 031752953,266.470000,266.560000,0
20110601 031803627,266.490000,266.580000,0
20110601 031812890,266.470000,266.560000,0
20110601 031813580,266.450000,266.550000,0
20110601 031813937,266.450000,266.540000,0
20110601 031814283,266.430000,266.540000,0
20110601 031814610,266.430000,266.520000,0
20110601 031842453,266.390000,266.510000,0
20110601 031842797,266.370000,266.490000,0
20110601 031844187,266.360000,266.510000,0
20110601 031844517,266.380000,266.530000,0
20110601 031844860,266.390000,266.540000,0
20110601 031845203,266.400000,266.550000,0
20110601 031853453,266.430000,266.580000,0
20110601 031857577,266.330000,266.480000,0
20110601 031859987,266.340000,266.480000,0
20110601 031904110,266.350000,266.480000,0
20110601 031904453,266.360000,266.480000,0
20110601 031904797,266.360000,266.470000,0
20110601 031922673,266.370000,266.470000,0
20110601 031934360,266.370000,266.490000,0
20110601 031934703,266.390000,266.490000,0
20110601 031935390,266.380000,266.490000,0
20110601 031952577,266.390000,266.490000,0
20110601 031955343,266.370000,266.480000,0
20110601 031955673,266.370000,266.470000,0
20110601 031957047,266.380000,266.470000,0
20110601 032025593,266.390000,266.490000,0
20110601 032106483,266.420000,266.540000,0
20110601 032107170,266.430000,266.560000,0
20110601 032107530,266.440000,266.570000,0
20110601 032107860,266.440000,266.590000,0
20110601 032116110,266.390000,266.540000,0
20110601 032116797,266.380000,266.520000,0
20110601 032123360,266.390000,266.520000,0
20110601 032127110,266.300000,266.450000,0
20110601 032127483,266.310000,266.410000,0
20110601 032128843,266.320000,266.410000,0
20110601 032137420,266.310000,266.410000,0
20110601 032141203,266.310000,266.400000,0
20110601 032146017,266.310000,266.390000,0
20110601 032152890,266.310000,266.400000,0
20110601 032157030,266.190000,266.310000,0
20110601 032157360,266.190000,266.290000,0
20110601 032206297,266.230000,266.320000,0
20110601 032207327,266.220000,266.320000,0
20110601 032207687,266.220000,266.310000,0
20110601 032222107,266.220000,266.300000,0
20110601 032222797,266.220000,266.310000,0
20110601 032228297,266.220000,266.300000,0
20110601 032228640,266.200000,266.290000,0
20110601 032231733,266.200000,266.300000,0
20110601 032252357,266.180000,266.280000,0
20110601 032258547,266.170000,266.280000,0
20110601 032258890,266.170000,266.270000,0
20110601 032319513,266.160000,266.260000,0
20110601 032319857,266.170000,266.270000,0
20110601 032328453,266.230000,266.350000,0
20110601 032328797,266.240000,266.350000,0
20110601 032329500,266.310000,266.460000,0
20110601 032338420,266.270000,266.420000,0
20110601 032338763,266.240000,266.340000,0
20110601 032349763,266.230000,266.340000,0
20110601 032350107,266.230000,266.330000,0
20110601 032403187,266.250000,266.350000,0
20110601 032404200,266.260000,266.350000,0
20110601 032410390,266.250000,266.350000,0
20110601 032411763,266.240000,266.350000,0
20110601 032412107,266.240000,266.340000,0
20110601 032447857,266.190000,266.290000,0
20110601 032501623,266.180000,266.270000,0
20110601 032531857,266.180000,266.280000,0
20110601 032535297,266.190000,266.290000,0
20110601 032540797,266.320000,266.440000,0
20110601 032541137,266.330000,266.440000,0
20110601 032541827,266.340000,266.440000,0
20110601 032551123,266.290000,266.410000,0
20110601 032551450,266.290000,266.390000,0
20110601 032555577,266.280000,266.390000,0
20110601 032555920,266.280000,266.380000,0
20110601 032612763,266.230000,266.350000,0
20110601 032613107,266.230000,266.330000,0
20110601 032618950,266.200000,266.320000,0
20110601 032620327,266.160000,266.310000,0
20110601 032620670,266.230000,266.330000,0
20110601 032621013,266.220000,266.330000,0
20110601 032636497,266.260000,266.330000,0
20110601 032645420,266.240000,266.350000,0
20110601 032645763,266.300000,266.430000,0
20110601 032646107,266.300000,266.440000,0
20110601 032646467,266.290000,266.440000,0
20110601 032646793,266.290000,266.420000,0
20110601 032647137,266.280000,266.420000,0
20110601 032650577,266.310000,266.420000,0
20110601 032721527,266.310000,266.410000,0
20110601 032725653,266.310000,266.420000,0
20110601 032737340,266.300000,266.420000,0
20110601 032737683,266.300000,266.400000,0
20110601 032758310,266.270000,266.400000,0
20110601 032758653,266.270000,266.340000,0
20110601 032824433,266.270000,266.330000,0
20110601 032825123,266.270000,266.340000,0
20110601 032826840,266.270000,266.330000,0
20110601 032828560,266.260000,266.330000,0
20110601 032828903,266.260000,266.320000,0
20110601 032829590,266.260000,266.330000,0
20110601 032829933,266.260000,266.320000,0
20110601 032830623,266.270000,266.330000,0
20110601 032832340,266.280000,266.330000,0
20110601 032850560,266.270000,266.330000,0
20110601 032850903,266.270000,266.320000,0
20110601 032852967,266.270000,266.330000,0
20110601 032855027,266.270000,266.320000,0
20110601 032858810,266.240000,266.320000,0
20110601 032859153,266.240000,266.300000,0
20110601 032906027,266.230000,266.300000,0
20110601 032906370,266.230000,266.290000,0
20110601 032938683,266.240000,266.300000,0
20110601 032946590,266.300000,266.410000,0
20110601 032946933,266.300000,266.420000,0
20110601 032947967,266.330000,266.440000,0
20110601 032948310,266.320000,266.440000,0
20110601 032951747,266.260000,266.410000,0
20110601 032952090,266.250000,266.310000,0
20110601 033004120,266.320000,266.440000,0
20110601 033005497,266.320000,266.430000,0
20110601 033007903,266.320000,266.440000,0
20110601 033011340,266.320000,266.430000,0
20110601 033013403,266.320000,266.440000,0
20110601 033016497,266.320000,266.430000,0
20110601 033019590,266.320000,266.440000,0
20110601 033029557,266.290000,266.440000,0
20110601 033032653,266.280000,266.390000,0
20110601 033053980,266.250000,266.390000,0
20110601 033054307,266.250000,266.360000,0
20110601 033055010,266.260000,266.360000,0
20110601 033102903,266.260000,266.350000,0
20110601 033150683,266.260000,266.360000,0
20110601 033156870,266.260000,266.350000,0
20110601 033239150,266.240000,266.330000,0
20110601 033301840,266.230000,266.330000,0
20110601 033302183,266.230000,266.320000,0
20110601 033306307,266.240000,266.330000,0
20110601 033310090,266.220000,266.330000,0
20110601 033310433,266.220000,266.310000,0
20110601 033325557,266.240000,266.330000,0
20110601 033412650,266.240000,266.340000,0
20110601 033415743,266.290000,266.410000,0
20110601 033416777,266.350000,266.500000,0
20110601 033418493,266.270000,266.420000,0
20110601 033418837,266.260000,266.360000,0
20110601 033425713,266.320000,266.470000,0
20110601 033427087,266.350000,266.500000,0
20110601 033427777,266.310000,266.460000,0
20110601 033428120,266.290000,266.440000,0
20110601 033459400,266.300000,266.450000,0
20110601 033459743,266.360000,266.460000,0
20110601 033532400,266.360000,266.470000,0
20110601 033532743,266.370000,266.470000,0
20110601 033533430,266.380000,266.470000,0
20110601 033535150,266.370000,266.470000,0
20110601 033535493,266.370000,266.460000,0
20110601 033540650,266.270000,266.390000,0
20110601 033540993,266.270000,266.360000,0
20110601 033544087,266.300000,266.420000,0
20110601 033544777,266.320000,266.440000,0
20110601 033545807,266.330000,266.440000,0
20110601 033546150,266.340000,266.440000,0
20110601 033549930,266.330000,266.440000,0
20110601 033550277,266.340000,266.440000,0
20110601 033553027,266.360000,266.470000,0
20110601 033553370,266.370000,266.470000,0
20110601 033554057,266.380000,266.470000,0
20110601 033555430,266.370000,266.470000,0
20110601 033555777,266.370000,266.460000,0
20110601 033557510,266.390000,266.490000,0
20110601 033601633,266.360000,266.460000,0
20110601 033602993,266.360000,266.440000,0
20110601 033603337,266.360000,266.460000,0
20110601 033604713,266.360000,266.440000,0
20110601 033606087,266.360000,266.460000,0
20110601 033607133,266.310000,266.430000,0
20110601 033607463,266.310000,266.410000,0
20110601 033649073,266.320000,266.410000,0
20110601 034135743,266.340000,266.440000,0
20110601 034147087,266.390000,266.510000,0
20110601 034148117,266.400000,266.540000,0
20110601 034154303,266.320000,266.450000,0
20110601 034154647,266.320000,266.420000,0
20110601 034156367,266.380000,266.500000,0
20110601 034156710,266.410000,266.530000,0
20110601 034157053,266.420000,266.540000,0
20110601 034158087,266.400000,266.540000,0
20110601 034202210,266.400000,266.550000,0
20110601 034204960,266.420000,266.550000,0
20110601 034205320,266.400000,266.550000,0
20110601 034211490,266.370000,266.510000,0
20110601 034211837,266.370000,266.470000,0
20110601 034255490,266.360000,266.470000,0
20110601 034255837,266.360000,266.460000,0
20110601 034313367,266.340000,266.440000,0
20110601 034318193,266.340000,266.430000,0
20110601 034427287,266.340000,266.440000,0
20110601 034427977,266.340000,266.430000,0
20110601 034428990,266.340000,266.440000,0
20110601 034433117,266.320000,266.420000,0
20110601 034436913,266.290000,266.410000,0
20110601 034437257,266.290000,266.390000,0
20110601 034446177,266.290000,266.400000,0
20110601 034446523,266.300000,266.400000,0
20110601 034457193,266.300000,266.410000,0
20110601 034457523,266.300000,266.400000,0
20110601 034523303,266.300000,266.410000,0
20110601 034523647,266.300000,266.400000,0
20110601 034605240,266.300000,266.390000,0
20110601 034624490,266.280000,266.390000,0
20110601 034624833,266.280000,266.370000,0
20110601 034625520,266.270000,266.370000,0
20110601 034911550,266.280000,266.380000,0
20110601 035031987,266.290000,266.390000,0
20110601 035040237,266.370000,266.470000,0
20110601 035042987,266.320000,266.440000,0
20110601 035043333,266.320000,266.420000,0
20110601 035046083,266.310000,266.420000,0
20110601 035046427,266.320000,266.420000,0
20110601 035117363,266.320000,266.410000,0
20110601 035122863,266.320000,266.420000,0
20110601 035143143,266.320000,266.410000,0
20110601 035143487,266.320000,266.420000,0
20110601 035155520,266.320000,266.410000,0
20110601 035158613,266.290000,266.390000,0
20110601 035238830,266.320000,266.410000,0
20110601 035252580,266.340000,266.440000,0
20110601 035257393,266.340000,266.430000,0
20110601 035303580,266.340000,266.440000,0
20110601 035536893,266.320000,266.440000,0
20110601 035537237,266.290000,266.390000,0
20110601 035734110,266.290000,266.410000,0
20110601 035734453,266.320000,266.410000,0
20110601 035744767,266.340000,266.450000,0
20110601 035745127,266.340000,266.440000,0
20110601 035813640,266.350000,266.470000,0
20110601 035815703,266.320000,266.440000,0
20110601 035816047,266.320000,266.420000,0
20110601 035828423,266.340000,266.440000,0
20110601 040017750,266.370000,266.460000,0
20110601 040018423,266.370000,266.470000,0
20110601 040023923,266.370000,266.460000,0
20110601 040042827,266.340000,266.460000,0
20110601 040043187,266.340000,266.440000,0
20110601 040226297,266.370000,266.460000,0
20110601 040242797,266.340000,266.460000,0
20110601 040243157,266.340000,266.440000,0
20110601 040308577,266.340000,266.430000,0
20110601 040316827,266.310000,266.430000,0
20110601 040317170,266.310000,266.410000,0
20110601 040320607,266.330000,266.420000,0
20110601 040443450,266.330000,266.430000,0
20110601 040443797,266.320000,266.430000,0
20110601 040444140,266.320000,266.410000,0
20110601 040533640,266.340000,266.430000,0
20110601 040549797,266.320000,266.440000,0
20110601 040550140,266.320000,266.410000,0
20110601 040608013,266.290000,266.410000,0
20110601 040608357,266.290000,266.390000,0
20110601 040613170,266.280000,266.380000,0
20110601 040619357,266.290000,266.380000,0
20110601 040620387,266.280000,266.380000,0
20110601 040622450,266.240000,266.360000,0
20110601 040622810,266.240000,266.330000,0
20110601 041019637,266.260000,266.350000,0
20110601 041025137,266.290000,266.390000,0
20110601 041025823,266.320000,266.410000,0
20110601 041058480,266.330000,266.410000,0
20110601 041059857,266.290000,266.390000,0
20110601 041109480,266.320000,266.410000,0
20110601 041111543,266.290000,266.410000,0
20110601 041111887,266.290000,266.390000,0
20110601 041256730,266.300000,266.400000,0
20110601 041306010,266.310000,266.400000,0
20110601 041308073,266.300000,266.400000,0
20110601 041313230,266.320000,266.410000,0
20110601 041327667,266.300000,266.410000,0
20110601 041328010,266.300000,266.400000,0
20110601 041650823,266.270000,266.390000,0
20110601 041651167,266.220000,266.340000,0
20110601 041653930,266.220000,266.320000,0
20110601 041655633,266.230000,266.320000,0
20110601 041701823,266.280000,266.370000,0
20110601 041703883,266.260000,266.350000,0
20110601 041708697,266.250000,266.350000,0
20110601 041711790,266.260000,266.350000,0
20110601 041743430,266.250000,266.350000,0
20110601 041744103,266.260000,266.350000,0
20110601 041755103,266.260000,266.380000,0
20110601 041755447,266.290000,266.390000,0
20110601 041759570,266.260000,266.380000,0
20110601 041759917,266.260000,266.350000,0
20110601 041815040,266.270000,266.360000,0
20110601 041828790,266.260000,266.360000,0
20110601 041829133,266.260000,266.350000,0
20110601 041839790,266.240000,266.350000,0
20110601 041840133,266.240000,266.340000,0
20110601 041844963,266.250000,266.350000,0
20110601 041846337,266.260000,266.350000,0
20110601 041859383,266.280000,266.380000,0
20110601 041906947,266.280000,266.390000,0
20110601 041907290,266.290000,266.390000,0
20110601 041928603,266.280000,266.370000,0
20110601 042241100,266.250000,266.370000,0
20110601 042241447,266.250000,266.350000,0
20110601 042247633,266.270000,266.360000,0
20110601 042258977,266.290000,266.390000,0
20110601 042320287,266.270000,266.390000,0
20110601 042320633,266.230000,266.320000,0
20110601 042322367,266.260000,266.350000,0
20110601 042341600,266.250000,266.350000,0
20110601 042406693,266.270000,266.360000,0
20110601 042417350,266.260000,266.360000,0
20110601 042439693,266.260000,266.350000,0
20110601 042441070,266.250000,266.360000,0
20110601 042441413,266.250000,266.350000,0
20110601 042449663,266.260000,266.350000,0
20110601 042756693,266.250000,266.350000,0
20110601 042801490,266.250000,266.360000,0
20110601 042801833,266.260000,266.360000,0
20110601 042811130,266.250000,266.360000,0
20110601 042811443,266.250000,266.350000,0
20110601 042814193,266.260000,266.350000,0
20110601 042912630,266.250000,266.350000,0
20110601 043002147,266.260000,266.360000,0
20110601 043015880,266.290000,266.390000,0
20110601 043021037,266.280000,266.390000,0
20110601 043021380,266.280000,266.380000,0
20110601 043031347,266.290000,266.380000,0
20110601 043032380,266.280000,266.380000,0
20110601 043036503,266.290000,266.380000,0
20110601 043037537,266.280000,266.380000,0
20110601 043041660,266.290000,266.380000,0
20110601 043042363,266.280000,266.380000,0
20110601 043051630,266.290000,266.380000,0
20110601 043052660,266.280000,266.380000,0
20110601 043101597,266.290000,266.380000,0
20110601 043102630,266.280000,266.380000,0
20110601 043106753,266.290000,266.380000,0
20110601 043107800,266.280000,266.380000,0
20110601 043111927,266.290000,266.380000,0
20110601 043112597,266.280000,266.380000,0
20110601 043117083,266.290000,266.380000,0
20110601 043118097,266.280000,266.380000,0
20110601 043121880,266.290000,266.380000,0
20110601 043122910,266.280000,266.380000,0
20110601 043131847,266.290000,266.390000,0
20110601 043133910,266.300000,266.390000,0
20110601 043142177,266.300000,266.410000,0
20110601 043142503,266.310000,266.410000,0
20110601 043146287,266.300000,266.410000,0
20110601 043146630,266.290000,266.390000,0
20110601 043152833,266.300000,266.390000,0
20110601 043153177,266.290000,266.390000,0
20110601 043155567,266.300000,266.390000,0
20110601 043156597,266.300000,266.400000,0
20110601 043158333,266.310000,266.420000,0
20110601 043158660,266.320000,266.420000,0
20110601 043247473,266.320000,266.430000,0
20110601 043247817,266.340000,266.450000,0
20110601 043248160,266.350000,266.450000,0
20110601 043338707,266.350000,266.460000,0
20110601 043339033,266.360000,266.460000,0
20110601 043429567,266.360000,266.470000,0
20110601 043429910,266.370000,266.470000,0
20110601 043459470,266.360000,266.470000,0
20110601 043459830,266.320000,266.440000,0
20110601 043520783,266.340000,266.440000,0
20110601 043611313,266.340000,266.450000,0
20110601 043611657,266.350000,266.450000,0
20110601 043619563,266.330000,266.440000,0
20110601 043619907,266.330000,266.430000,0
20110601 043641580,266.320000,266.430000,0
20110601 043641907,266.310000,266.410000,0
20110601 043702533,266.310000,266.420000,0
20110601 043702877,266.320000,266.420000,0
20110601 043753407,266.320000,266.430000,0
20110601 043753750,266.330000,266.430000,0
20110601 043823423,266.310000,266.420000,0
20110601 043823673,266.310000,266.410000,0
20110601 043829517,266.290000,266.410000,0
20110601 043829847,266.290000,266.390000,0
20110601 043844297,266.300000,266.400000,0
20110601 043914533,266.290000,266.400000,0
20110601 043914877,266.290000,266.390000,0
20110601 043935500,266.300000,266.400000,0
20110601 044005407,266.290000,266.400000,0
20110601 044005750,266.290000,266.390000,0
20110601 044026377,266.300000,266.400000,0
20110601 044056627,266.290000,266.400000,0
20110601 044056970,266.290000,266.390000,0
20110601 044115877,266.300000,266.390000,0
20110601 044117593,266.300000,266.400000,0
20110601 044117937,266.310000,266.420000,0
20110601 044118327,266.320000,266.420000,0
20110601 044142703,266.340000,266.420000,0
20110601 044143047,266.340000,266.440000,0
20110601 044208467,266.340000,266.450000,0
20110601 044208813,266.350000,266.450000,0
20110601 044219467,266.340000,266.440000,0
20110601 044259373,266.350000,266.450000,0
20110601 044350560,266.360000,266.460000,0
20110601 044416687,266.370000,266.470000,0
20110601 044420467,266.330000,266.450000,0
20110601 044420810,266.330000,266.440000,0
20110601 044421500,266.300000,266.440000,0
20110601 044423907,266.300000,266.430000,0
20110601 044424593,266.360000,266.440000,0
20110601 044434907,266.340000,266.440000,0
20110601 044441437,266.340000,266.450000,0
20110601 044441780,266.350000,266.450000,0
20110601 044452437,266.350000,266.440000,0
20110601 044517187,266.350000,266.450000,0
20110601 044532310,266.350000,266.460000,0
20110601 044532657,266.360000,266.460000,0
20110601 044602920,266.340000,266.440000,0
20110601 044603263,266.340000,266.450000,0
20110601 044603593,266.340000,266.440000,0
20110601 044623873,266.350000,266.450000,0
20110601 044639687,266.350000,266.440000,0
20110601 044709590,266.350000,266.450000,0
20110601 044714403,266.360000,266.460000,0
20110601 044729530,266.350000,266.460000,0
20110601 044729873,266.350000,266.450000,0
20110601 044731590,266.360000,266.460000,0
20110601 044744310,266.350000,266.460000,0
20110601 044744653,266.340000,266.440000,0
20110601 044749467,266.330000,266.430000,0
20110601 044753937,266.340000,266.440000,0
20110601 044801840,266.330000,266.430000,0
20110601 044805623,266.340000,266.440000,0
20110601 044818687,266.360000,266.460000,0
20110601 044833810,266.340000,266.460000,0
20110601 044834153,266.340000,266.440000,0
20110601 044856497,266.340000,266.450000,0
20110601 044856840,266.350000,266.450000,0
20110601 044918153,266.350000,266.460000,0
20110601 044918497,266.350000,266.440000,0
20110601 044921247,266.350000,266.450000,0
20110601 044926403,266.340000,266.460000,0
20110601 044926747,266.340000,266.420000,0
20110601 044940497,266.320000,266.420000,0
20110601 044947373,266.320000,266.430000,0
20110601 044947717,266.330000,266.430000,0
20110601 044953577,266.340000,266.430000,0
20110601 044957340,266.330000,266.430000,0
20110601 045003183,266.340000,266.450000,0
20110601 045003527,266.340000,266.440000,0
20110601 045010747,266.360000,266.450000,0
20110601 045011090,266.340000,266.450000,0
20110601 045011433,266.340000,266.440000,0
20110601 045022090,266.340000,266.410000,0
20110601 045031370,266.320000,266.410000,0
20110601 045038590,266.330000,266.420000,0
20110601 045044777,266.330000,266.430000,0
20110601 045053027,266.340000,266.450000,0
20110601 045053370,266.330000,266.430000,0
20110601 045056840,266.340000,266.430000,0
20110601 045101620,266.360000,266.430000,0
20110601 045108497,266.350000,266.430000,0
20110601 045108840,266.340000,266.420000,0
20110601 045109183,266.340000,266.440000,0
20110601 045110903,266.360000,266.440000,0
20110601 045116747,266.380000,266.440000,0
20110601 045117450,266.360000,266.440000,0
20110601 045118120,266.380000,266.440000,0
20110601 045122247,266.360000,266.440000,0
20110601 045122933,266.340000,266.440000,0
20110601 045129467,266.340000,266.450000,0
20110601 045129810,266.350000,266.450000,0
20110601 045130840,266.360000,266.450000,0
20110601 045149747,266.350000,266.450000,0
20110601 045218637,266.370000,266.450000,0
20110601 045220340,266.370000,266.460000,0
20110601 045221027,266.370000,266.450000,0
20110601 045221370,266.350000,266.450000,0
20110601 045222057,266.360000,266.450000,0
20110601 045224120,266.380000,266.450000,0
20110601 045224463,266.360000,266.450000,0
20110601 045225497,266.360000,266.460000,0
20110601 045236840,266.390000,266.490000,0
20110601 045311557,266.390000,266.500000,0
20110601 045311903,266.400000,266.500000,0
20110601 045341807,266.330000,266.450000,0
20110601 045342150,266.310000,266.430000,0
20110601 045342497,266.300000,266.430000,0
20110601 045347997,266.320000,266.430000,0
20110601 045348340,266.350000,266.440000,0
20110601 045355557,266.340000,266.440000,0
20110601 045402433,266.340000,266.450000,0
20110601 045402777,266.350000,266.450000,0
20110601 045429933,266.360000,266.460000,0
20110601 045453307,266.370000,266.470000,0
20110601 045502247,266.410000,266.510000,0
20110601 045512900,266.420000,266.510000,0
20110601 045517713,266.370000,266.470000,0
20110601 045518057,266.430000,266.530000,0
20110601 045519433,266.370000,266.490000,0
20110601 045519777,266.380000,266.480000,0
20110601 045523557,266.370000,266.480000,0
20110601 045523900,266.370000,266.470000,0
20110601 045537993,266.430000,266.540000,0
20110601 045538337,266.440000,266.540000,0
20110601 045539713,266.430000,266.540000,0
20110601 045540057,266.370000,266.470000,0
20110601 045544527,266.370000,266.480000,0
20110601 045544870,266.380000,266.480000,0
20110601 045546587,266.440000,266.540000,0
20110601 045550713,266.380000,266.490000,0
20110601 045551057,266.380000,266.480000,0
20110601 045556557,266.440000,266.540000,0
20110601 045603777,266.380000,266.500000,0
20110601 045604120,266.380000,266.480000,0
20110601 045612040,266.420000,266.490000,0
20110601 045623027,266.420000,266.480000,0
20110601 045635400,266.390000,266.490000,0
20110601 045653963,266.400000,266.500000,0
20110601 045704620,266.450000,266.520000,0
20110601 045725587,266.480000,266.550000,0
20110601 045726620,266.480000,266.560000,0
20110601 045726963,266.460000,266.560000,0
20110601 045817837,266.470000,266.560000,0
20110601 045822650,266.460000,266.560000,0
20110601 045830557,266.470000,266.560000,0
20110601 045842587,266.450000,266.560000,0
20110601 045842930,266.450000,266.550000,0
20110601 045850493,266.470000,266.580000,0
20110601 045850837,266.470000,266.570000,0
20110601 045909057,266.480000,266.590000,0
20110601 045909400,266.490000,266.590000,0
20110601 045957523,266.500000,266.590000,0
20110601 050014710,266.520000,266.590000,0
20110601 050027447,266.500000,266.610000,0
20110601 050027773,266.510000,266.610000,0
20110601 050035680,266.530000,266.610000,0
20110601 050037057,266.510000,266.610000,0
20110601 050039460,266.520000,266.620000,0
20110601 050040837,266.540000,266.650000,0
20110601 050041180,266.550000,266.650000,0
20110601 050043587,266.560000,266.650000,0
20110601 050046337,266.550000,266.650000,0
20110601 050122087,266.510000,266.630000,0
20110601 050122430,266.510000,266.610000,0
20110601 050132743,266.470000,266.590000,0
20110601 050133087,266.470000,266.570000,0
20110601 050137897,266.460000,266.570000,0
20110601 050138257,266.470000,266.570000,0
20110601 050138587,266.480000,266.580000,0
20110601 050141337,266.480000,266.590000,0
20110601 050141680,266.490000,266.590000,0
20110601 050142040,266.480000,266.580000,0
20110601 050152337,266.490000,266.590000,0
20110601 050158867,266.490000,266.600000,0
20110601 050159210,266.490000,266.590000,0
20110601 050201617,266.490000,266.600000,0
20110601 050201960,266.500000,266.600000,0
20110601 050242180,266.500000,266.610000,0
20110601 050242523,266.500000,266.600000,0
20110601 050251117,266.480000,266.600000,0
20110601 050251477,266.480000,266.580000,0
20110601 050300397,266.470000,266.580000,0
20110601 050300743,266.470000,266.570000,0
20110601 050325147,266.470000,266.560000,0
20110601 050327553,266.470000,266.570000,0
20110601 050412240,266.450000,266.570000,0
20110601 050412600,266.440000,266.540000,0
20110601 050422210,266.440000,266.500000,0
20110601 050422553,266.320000,266.390000,0
20110601 050422897,266.290000,266.390000,0
20110601 050429087,266.330000,266.450000,0
20110601 050429773,266.340000,266.460000,0
20110601 050430460,266.330000,266.480000,0
20110601 050432523,266.390000,266.510000,0
20110601 050432867,266.410000,266.510000,0
20110601 050448693,266.380000,266.500000,0
20110601 050449037,266.380000,266.480000,0
20110601 050505210,266.380000,266.490000,0
20110601 050505553,266.390000,266.490000,0
20110601 050513100,266.390000,266.500000,0
20110601 050513443,266.400000,266.500000,0
20110601 050524787,266.420000,266.530000,0
20110601 050525130,266.430000,266.530000,0
20110601 050533727,266.420000,266.520000,0
20110601 050541287,266.430000,266.530000,0
20110601 050542663,266.420000,266.520000,0
20110601 050546787,266.430000,266.530000,0
20110601 050614630,266.420000,266.520000,0
20110601 050633193,266.410000,266.520000,0
20110601 050633537,266.410000,266.510000,0
20110601 050633880,266.400000,266.500000,0
20110601 050642130,266.370000,266.470000,0
20110601 050648317,266.300000,266.420000,0
20110601 050648663,266.290000,266.390000,0
20110601 050654850,266.320000,266.440000,0
20110601 050656240,266.340000,266.460000,0
20110601 050656913,266.330000,266.480000,0
20110601 050659317,266.270000,266.410000,0
20110601 050659663,266.270000,266.370000,0
20110601 050701723,266.330000,266.460000,0
20110601 050702757,266.320000,266.470000,0
20110601 050705507,266.310000,266.460000,0
20110601 050706537,266.300000,266.450000,0
20110601 050718223,266.320000,266.460000,0
20110601 050718583,266.340000,266.460000,0
20110601 050721317,266.330000,266.460000,0
20110601 050721663,266.340000,266.460000,0
20110601 050747787,266.330000,266.460000,0
20110601 050748130,266.340000,266.460000,0
20110601 050756723,266.340000,266.440000,0
20110601 050828007,266.330000,266.440000,0
20110601 050828350,266.340000,266.440000,0
20110601 050847600,266.330000,266.430000,0
20110601 050910630,266.340000,266.450000,0
20110601 050910990,266.350000,266.450000,0
20110601 050912350,266.360000,266.450000,0
20110601 050917507,266.390000,266.480000,0
20110601 050918537,266.380000,266.480000,0
20110601 050926787,266.360000,266.480000,0
20110601 050927130,266.360000,266.460000,0
20110601 050928160,266.370000,266.460000,0
20110601 050938817,266.360000,266.460000,0
20110601 050939160,266.360000,266.450000,0
20110601 051006317,266.320000,266.440000,0
20110601 051006660,266.320000,266.420000,0
20110601 051031427,266.290000,266.410000,0
20110601 051031770,266.290000,266.380000,0
20110601 051044833,266.280000,266.380000,0
20110601 051119567,266.300000,266.390000,0
20110601 051120583,266.290000,266.390000,0
20110601 051120927,266.290000,266.380000,0
20110601 051150487,266.300000,266.390000,0
20110601 051211800,266.290000,266.390000,0
20110601 051212143,266.290000,266.380000,0
20110601 051230363,266.290000,266.390000,0
20110601 051241363,266.300000,266.400000,0
20110601 051250987,266.300000,266.390000,0
20110601 051302677,266.290000,266.380000,0
20110601 051308863,266.300000,266.390000,0
20110601 051332580,266.310000,266.400000,0
20110601 051351487,266.310000,266.410000,0
20110601 051509863,266.300000,266.410000,0
20110601 051510220,266.300000,266.390000,0
20110601 051514330,266.310000,266.400000,0
20110601 051535300,266.300000,266.400000,0
20110601 051535643,266.300000,266.390000,0
20110601 051605550,266.310000,266.400000,0
20110601 051626517,266.300000,266.400000,0
20110601 051626860,266.300000,266.390000,0
20110601 051655050,266.290000,266.390000,0
20110601 051933517,266.310000,266.400000,0
20110601 051939703,266.300000,266.400000,0
20110601 051943847,266.370000,266.460000,0
20110601 052030580,266.420000,266.540000,0
20110601 052031267,266.410000,266.560000,0
20110601 052036080,266.410000,266.520000,0
20110601 052041580,266.410000,266.560000,0
20110601 052045360,266.360000,266.510000,0
20110601 052045703,266.360000,266.460000,0
20110601 052049487,266.340000,266.460000,0
20110601 052049827,266.340000,266.440000,0
20110601 052100157,266.330000,266.440000,0
20110601 052100487,266.330000,266.420000,0
20110601 052136923,266.300000,266.420000,0
20110601 052137267,266.300000,266.400000,0
20110601 052148267,266.330000,266.420000,0
20110601 052313873,266.340000,266.440000,0
20110601 052409547,266.330000,266.440000,0
20110601 052409890,266.330000,266.430000,0
20110601 052518983,266.320000,266.440000,0
20110601 052519327,266.320000,266.420000,0
20110601 052534107,266.320000,266.440000,0
20110601 052534453,266.330000,266.430000,0
20110601 052539607,266.340000,266.440000,0
20110601 052630153,266.310000,266.420000,0
20110601 052630483,266.310000,266.410000,0
20110601 052633920,266.360000,266.480000,0
20110601 052634263,266.370000,266.480000,0
20110601 052635297,266.360000,266.510000,0
20110601 052639077,266.390000,266.540000,0
20110601 052644920,266.350000,266.500000,0
20110601 052645263,266.350000,266.450000,0
20110601 052647687,266.300000,266.450000,0
20110601 052652140,266.370000,266.470000,0
20110601 052757107,266.320000,266.450000,0
20110601 052757450,266.330000,266.430000,0
20110601 052949170,266.370000,266.470000,0
20110601 053126450,266.320000,266.440000,0
20110601 053126793,266.320000,266.420000,0
20110601 053148793,266.370000,266.470000,0
20110601 053152917,266.360000,266.470000,0
20110601 053153263,266.370000,266.470000,0
20110601 053243450,266.360000,266.460000,0
20110601 053301667,266.340000,266.460000,0
20110601 053302010,266.340000,266.440000,0
20110601 053303387,266.360000,266.460000,0
20110601 053305107,266.330000,266.450000,0
20110601 053305450,266.330000,266.430000,0
20110601 053531213,266.220000,266.340000,0
20110601 053532573,266.240000,266.320000,0
20110601 053532917,266.190000,266.290000,0
20110601 053536353,266.180000,266.290000,0
20110601 053536713,266.180000,266.280000,0
20110601 053541197,266.120000,266.240000,0
20110601 053541527,266.120000,266.220000,0
20110601 053553887,266.130000,266.230000,0
20110601 053554230,266.180000,266.280000,0
20110601 053901243,266.190000,266.290000,0
20110601 054012743,266.190000,266.260000,0
20110601 054013790,266.190000,266.290000,0
20110601 054019617,266.190000,266.260000,0
20110601 054020650,266.190000,266.290000,0
20110601 054021353,266.140000,266.240000,0
20110601 054027180,266.120000,266.240000,0
20110601 054027523,266.120000,266.230000,0
20110601 054032337,266.130000,266.230000,0
20110601 054035087,266.160000,266.280000,0
20110601 054035430,266.180000,266.280000,0
20110601 054048493,266.210000,266.320000,0
20110601 054048837,266.210000,266.310000,0
20110601 054050900,266.140000,266.260000,0
20110601 054051243,266.140000,266.230000,0
20110601 054052617,266.130000,266.230000,0
20110601 054053993,266.120000,266.230000,0
20110601 054054337,266.190000,266.290000,0
20110601 054105337,266.130000,266.250000,0
20110601 054105680,266.120000,266.230000,0
20110601 054211337,266.140000,266.250000,0
20110601 054211680,266.150000,266.250000,0
20110601 054231290,266.150000,266.260000,0
20110601 054231617,266.160000,266.260000,0
20110601 054232307,266.170000,266.280000,0
20110601 054232647,266.170000,266.270000,0
20110601 054317337,266.200000,266.300000,0
20110601 054502523,266.200000,266.310000,0
20110601 054502867,266.210000,266.310000,0
20110601 055059333,266.200000,266.310000,0
20110601 055059677,266.200000,266.300000,0
20110601 055318567,266.190000,266.310000,0
20110601 055318910,266.200000,266.300000,0
20110601 055321643,266.150000,266.270000,0
20110601 055331613,266.170000,266.270000,0
20110601 055338833,266.140000,266.260000,0
20110601 055339190,266.140000,266.240000,0
20110601 055340567,266.150000,266.250000,0
20110601 055346737,266.160000,266.260000,0
20110601 055349830,266.190000,266.290000,0
20110601 055446567,266.210000,266.320000,0
20110601 055446893,266.220000,266.320000,0
20110601 055450330,266.190000,266.310000,0
20110601 055450677,266.190000,266.290000,0
20110601 055540863,266.190000,266.260000,0
20110601 055543283,266.190000,266.290000,0
20110601 055550143,266.140000,266.260000,0
20110601 055550487,266.140000,266.240000,0
20110601 055555300,266.140000,266.250000,0
20110601 055555643,266.150000,266.250000,0
20110601 055556347,266.120000,266.220000,0
20110601 055608363,266.140000,266.220000,0
20110601 055617300,266.120000,266.220000,0
20110601 055819330,266.100000,266.210000,0
20110601 055819673,266.100000,266.200000,0
20110601 055856453,266.080000,266.200000,0
20110601 055856830,266.080000,266.180000,0
20110601 060032360,266.080000,266.190000,0
20110601 060032703,266.090000,266.190000,0
20110601 060236110,266.080000,266.190000,0
20110601 060236453,266.080000,266.180000,0
20110601 060316673,266.070000,266.180000,0
20110601 060317360,266.070000,266.170000,0
20110601 060318047,266.070000,266.180000,0
20110601 060318390,266.080000,266.180000,0
20110601 060323203,266.070000,266.180000,0
20110601 060323563,266.070000,266.170000,0
20110601 060331797,266.070000,266.180000,0
20110601 060332140,266.080000,266.180000,0
20110601 060339360,266.070000,266.170000,0
20110601 060510107,266.060000,266.160000,0
20110601 060514577,266.080000,266.180000,0
20110601 060704920,266.080000,266.160000,0
20110601 060705263,266.080000,266.180000,0
20110601 060707327,266.080000,266.160000,0
20110601 060722450,266.080000,266.180000,0
20110601 060723483,266.080000,266.160000,0
20110601 060723827,266.080000,266.180000,0
20110601 060730013,266.080000,266.160000,0
20110601 060735187,266.080000,266.180000,0
20110601 060735513,266.080000,266.160000,0
20110601 060750327,266.080000,266.180000,0
20110601 060752717,266.080000,266.190000,0
20110601 060753047,266.090000,266.190000,0
20110601 060949577,266.080000,266.180000,0
20110601 060953013,266.060000,266.180000,0
20110601 060953357,266.060000,266.160000,0
20110601 060954387,266.040000,266.160000,0
20110601 060954733,266.050000,266.150000,0
20110601 060956107,266.050000,266.160000,0
20110601 060956450,266.060000,266.160000,0
20110601 060959200,266.050000,266.160000,0
20110601 060959560,266.050000,266.150000,0
20110601 061000577,266.070000,266.180000,0
20110601 061000920,266.080000,266.180000,0
20110601 061253823,266.060000,266.170000,0
20110601 061254167,266.050000,266.150000,0
20110601 061819370,266.040000,266.150000,0
20110601 061819713,266.040000,266.140000,0
20110601 061903713,266.040000,266.150000,0
20110601 061904073,266.050000,266.150000,0
20110601 061910587,266.040000,266.140000,0
20110601 062111243,266.130000,266.250000,0
20110601 062111587,266.140000,266.260000,0
20110601 062112617,266.120000,266.270000,0
20110601 062118117,266.130000,266.280000,0
20110601 062118463,266.120000,266.270000,0
20110601 062120540,266.130000,266.280000,0
20110601 062124650,266.120000,266.270000,0
20110601 062131867,266.050000,266.150000,0
20110601 062142523,266.120000,266.240000,0
20110601 062142867,266.130000,266.250000,0
20110601 062143557,266.140000,266.260000,0
20110601 062143913,266.130000,266.280000,0
20110601 062146320,266.120000,266.270000,0
20110601 062146650,266.070000,266.170000,0
20110601 062249210,266.050000,266.170000,0
20110601 062249557,266.050000,266.150000,0
20110601 062330460,266.090000,266.210000,0
20110601 062330803,266.100000,266.210000,0
20110601 062331493,266.130000,266.280000,0
20110601 062334587,266.110000,266.160000,0
20110601 062334930,266.050000,266.150000,0
20110601 062358647,266.050000,266.170000,0
20110601 062358993,266.100000,266.230000,0
20110601 062400023,266.120000,266.270000,0
20110601 062400367,266.080000,266.230000,0
20110601 062400710,266.080000,266.180000,0
20110601 062504303,266.060000,266.180000,0
20110601 062504647,266.060000,266.160000,0
20110601 062550710,266.000000,266.110000,0
20110601 062551053,266.000000,266.100000,0
20110601 062557587,265.970000,266.090000,0
20110601 062557927,265.970000,266.070000,0
20110601 062558960,266.020000,266.120000,0
20110601 062602740,266.030000,266.130000,0
20110601 062607897,265.970000,266.090000,0
20110601 062608240,265.970000,266.070000,0
20110601 062611677,266.020000,266.120000,0
20110601 062615117,265.970000,266.090000,0
20110601 062615460,265.970000,266.070000,0
20110601 062623367,266.020000,266.120000,0
20110601 062625773,265.970000,266.090000,0
20110601 062626130,265.970000,266.070000,0
20110601 062634367,266.020000,266.120000,0
20110601 062638147,265.970000,266.090000,0
20110601 062638490,265.970000,266.070000,0
20110601 062642960,266.070000,266.170000,0
20110601 062645710,266.070000,266.140000,0
20110601 062653287,266.070000,266.120000,0
20110601 062704990,266.070000,266.140000,0
20110601 062714240,266.070000,266.160000,0
20110601 062734880,266.070000,266.170000,0
20110601 062735897,266.080000,266.180000,0
20110601 062743460,266.160000,266.250000,0
20110601 062743803,266.160000,266.260000,0
20110601 062745177,266.160000,266.250000,0
20110601 062745523,266.160000,266.260000,0
20110601 062751367,266.110000,266.230000,0
20110601 062751710,266.110000,266.210000,0
20110601 062755850,266.110000,266.230000,0
20110601 062756177,266.140000,266.240000,0
20110601 062801677,266.140000,266.250000,0
20110601 062802020,266.140000,266.230000,0
20110601 062808227,266.190000,266.310000,0
20110601 062808553,266.200000,266.310000,0
20110601 062809240,266.240000,266.360000,0
20110601 062809927,266.230000,266.380000,0
20110601 062810270,266.180000,266.330000,0
20110601 062810960,266.150000,266.300000,0
20110601 062813367,266.230000,266.380000,0
20110601 062814067,266.190000,266.310000,0
20110601 062815083,266.200000,266.310000,0
20110601 062823007,266.160000,266.310000,0
20110601 062824020,266.150000,266.300000,0
20110601 062844990,266.160000,266.260000,0
20110601 062851867,266.150000,266.260000,0
20110601 062852210,266.150000,266.250000,0
20110601 062915240,266.140000,266.250000,0
20110601 062915583,266.150000,266.250000,0
20110601 063026740,266.150000,266.260000,0
20110601 063027083,266.160000,266.260000,0
20110601 063030863,266.160000,266.250000,0
20110601 063032240,266.160000,266.260000,0
20110601 063051490,266.160000,266.240000,0
20110601 063051833,266.160000,266.250000,0
20110601 063055287,266.160000,266.260000,0
20110601 063057677,266.160000,266.230000,0
20110601 063059740,266.160000,266.250000,0
20110601 063100427,266.150000,266.230000,0
20110601 063100770,266.150000,266.250000,0
20110601 063101113,266.160000,266.250000,0
20110601 063104553,266.110000,266.230000,0
20110601 063104897,266.110000,266.210000,0
20110601 063134113,266.070000,266.190000,0
20110601 063134457,266.120000,266.220000,0
20110601 063136863,266.070000,266.170000,0
20110601 063213300,266.080000,266.180000,0
20110601 063230160,266.080000,266.190000,0
20110601 063230487,266.090000,266.190000,0
20110601 063304520,266.090000,266.200000,0
20110601 063304863,266.100000,266.200000,0
20110601 063334427,266.090000,266.200000,0
20110601 063334787,266.090000,266.190000,0
20110601 063355393,266.090000,266.200000,0
20110601 063355737,266.100000,266.200000,0
20110601 063425643,266.090000,266.200000,0
20110601 063425987,266.090000,266.190000,0
20110601 063437330,266.100000,266.200000,0
20110601 063446270,266.100000,266.210000,0
20110601 063446613,266.110000,266.210000,0
20110601 063516863,266.100000,266.200000,0
20110601 063537487,266.100000,266.210000,0
20110601 063537830,266.110000,266.210000,0
20110601 063559143,266.150000,266.260000,0
20110601 063559487,266.150000,266.250000,0
20110601 063607393,266.140000,266.250000,0
20110601 063607737,266.140000,266.240000,0
20110601 063619080,266.140000,266.250000,0
20110601 063619423,266.150000,266.250000,0
20110601 063628363,266.150000,266.260000,0
20110601 063628707,266.160000,266.260000,0
20110601 063658267,266.140000,266.260000,0
20110601 063658613,266.140000,266.240000,0
20110601 063658957,266.140000,266.230000,0
20110601 063719580,266.150000,266.240000,0
20110601 063728173,266.150000,266.250000,0
20110601 063749830,266.150000,266.240000,0
20110601 063750860,266.140000,266.240000,0
20110601 063758080,266.140000,266.250000,0
20110601 063758423,266.150000,266.250000,0
20110601 063810457,266.150000,266.260000,0
20110601 063810800,266.160000,266.260000,0
20110601 063840360,266.150000,266.260000,0
20110601 063840707,266.150000,266.250000,0
20110601 063901330,266.150000,266.260000,0
20110601 063901673,266.160000,266.260000,0
20110601 063915423,266.160000,266.270000,0
20110601 063915767,266.170000,266.270000,0
20110601 063952547,266.170000,266.280000,0
20110601 063952907,266.180000,266.280000,0
20110601 064003203,266.190000,266.290000,0
20110601 064017297,266.170000,266.290000,0
20110601 064017643,266.180000,266.280000,0
20110601 064022797,266.170000,266.280000,0
20110601 064023143,266.170000,266.270000,0
20110601 064027267,266.190000,266.290000,0
20110601 064043423,266.200000,266.300000,0
20110601 064058547,266.190000,266.300000,0
20110601 064058890,266.190000,266.290000,0
20110601 064105423,266.200000,266.300000,0
20110601 064107140,266.190000,266.300000,0
20110601 064107487,266.200000,266.300000,0
20110601 064107830,266.230000,266.330000,0
20110601 064338047,266.230000,266.340000,0
20110601 064338390,266.250000,266.350000,0
20110601 064705327,266.240000,266.350000,0
20110601 064705670,266.250000,266.350000,0
20110601 064707047,266.240000,266.350000,0
20110601 064707390,266.250000,266.350000,0
20110601 064715997,266.290000,266.400000,0
20110601 064716327,266.300000,266.400000,0
20110601 064732140,266.250000,266.360000,0
20110601 064732483,266.250000,266.350000,0
20110601 064736607,266.260000,266.360000,0
20110601 064748297,266.260000,266.380000,0
20110601 064748640,266.280000,266.380000,0
20110601 064808577,266.270000,266.370000,0
20110601 064913887,266.240000,266.360000,0
20110601 064914233,266.250000,266.350000,0
20110601 065014387,266.230000,266.340000,0
20110601 065014733,266.230000,266.330000,0
20110601 065137247,266.230000,266.340000,0
20110601 065137590,266.240000,266.340000,0
20110601 065143077,266.230000,266.340000,0
20110601 065143420,266.230000,266.330000,0
20110601 065152013,266.230000,266.340000,0
20110601 065152357,266.240000,266.340000,0
20110601 065244950,266.260000,266.370000,0
20110601 065245293,266.270000,266.370000,0
20110601 065320027,266.260000,266.370000,0
20110601 065320357,266.260000,266.350000,0
20110601 065321387,266.250000,266.350000,0
20110601 065324137,266.260000,266.370000,0
20110601 065324480,266.270000,266.370000,0
20110601 065947760,266.250000,266.370000,0
20110601 065948103,266.260000,266.360000,0
20110601 070008727,266.260000,266.370000,0
20110601 070009073,266.270000,266.370000,0
20110601 070046540,266.260000,266.370000,0
20110601 070046900,266.210000,266.320000,0
20110601 070047227,266.260000,266.370000,0
20110601 070047570,266.270000,266.370000,0
20110601 070055820,266.260000,266.370000,0
20110601 070056167,266.260000,266.360000,0
20110601 070402133,266.260000,266.370000,0
20110601 070402477,266.270000,266.370000,0
20110601 070716350,266.260000,266.360000,0
20110601 070737320,266.190000,266.290000,0
20110601 070801380,266.110000,266.200000,0
20110601 070802070,266.050000,266.200000,0
20110601 070803787,266.060000,266.200000,0
20110601 070804130,266.100000,266.240000,0
20110601 070804477,266.150000,266.240000,0
20110601 070804820,266.150000,266.250000,0
20110601 070903600,266.190000,266.300000,0
20110601 070903943,266.200000,266.300000,0
20110601 070922507,266.210000,266.330000,0
20110601 070922867,266.220000,266.320000,0
20110601 071255287,266.180000,266.300000,0
20110601 071255973,266.170000,266.290000,0
20110601 071257003,266.150000,266.300000,0
20110601 071401973,266.160000,266.300000,0
20110601 071512113,266.200000,266.300000,0
20110601 071527223,266.220000,266.350000,0
20110601 071527567,266.250000,266.350000,0
20110601 071532033,266.300000,266.420000,0
20110601 071532377,266.240000,266.360000,0
20110601 071532723,266.250000,266.350000,0
20110601 071542347,266.270000,266.380000,0
20110601 071542690,266.270000,266.370000,0
20110601 071554723,266.270000,266.380000,0
20110601 071555067,266.280000,266.380000,0
20110601 072302000,266.300000,266.410000,0
20110601 072302343,266.320000,266.440000,0
20110601 072303720,266.300000,266.450000,0
20110601 072355627,266.270000,266.400000,0
20110601 072355970,266.270000,266.370000,0
20110601 073227810,266.250000,266.360000,0
20110601 073228153,266.250000,266.350000,0
20110601 073759183,266.250000,266.380000,0
20110601 073759527,266.270000,266.370000,0
20110601 074140557,266.250000,266.360000,0
20110601 074140900,266.250000,266.350000,0
20110601 074437587,266.220000,266.320000,0
20110601 074741837,266.240000,266.350000,0
20110601 074742177,266.250000,266.350000,0
20110601 074824117,266.250000,266.360000,0
20110601 074824460,266.270000,266.370000,0
20110601 075026833,266.220000,266.320000,0
20110601 075038177,266.200000,266.310000,0
20110601 075038520,266.200000,266.300000,0
20110601 075048147,266.190000,266.300000,0
20110601 075048490,266.190000,266.250000,0
20110601 075048833,266.100000,266.220000,0
20110601 075049177,266.080000,266.230000,0
20110601 075049867,266.120000,266.230000,0
20110601 075051583,266.170000,266.270000,0
20110601 075103957,266.170000,266.290000,0
20110601 075104303,266.190000,266.290000,0
20110601 075223020,266.190000,266.300000,0
20110601 075223363,266.200000,266.300000,0
20110601 075246050,266.200000,266.310000,0
20110601 075246397,266.210000,266.310000,0
20110601 075247427,266.250000,266.360000,0
20110601 075247770,266.260000,266.360000,0
20110601 075257397,266.270000,266.380000,0
20110601 075257740,266.270000,266.370000,0
20110601 075405113,266.280000,266.390000,0
20110601 075405457,266.290000,266.390000,0
20110601 075514207,266.280000,266.390000,0
20110601 075514550,266.260000,266.360000,0
20110601 075517987,266.280000,266.390000,0
20110601 075518333,266.290000,266.390000,0
20110601 075521770,266.260000,266.380000,0
20110601 075522113,266.260000,266.360000,0
20110601 075532770,266.260000,266.380000,0
20110601 075533113,266.290000,266.390000,0
20110601 075642893,266.290000,266.400000,0
20110601 075643580,266.290000,266.390000,0
20110601 075727237,266.270000,266.390000,0
20110601 075727580,266.270000,266.370000,0
20110601 075801267,266.270000,266.390000,0
20110601 075801957,266.270000,266.370000,0
20110601 075839767,266.280000,266.390000,0
20110601 075840113,266.290000,266.390000,0
20110601 075847330,266.260000,266.360000,0
20110601 075921360,266.270000,266.360000,0
20110601 075921707,266.260000,266.360000,0
20110601 075925143,266.270000,266.360000,0
20110601 075925487,266.260000,266.360000,0
20110601 075927207,266.250000,266.360000,0
20110601 075927550,266.250000,266.350000,0
20110601 075941300,266.270000,266.380000,0
20110601 075941643,266.250000,266.350000,0
20110601 080027707,266.190000,266.310000,0
20110601 080028047,266.190000,266.300000,0
20110601 080029080,266.100000,266.250000,0
20110601 080038360,266.140000,266.290000,0
20110601 080038707,266.150000,266.300000,0
20110601 080109297,266.120000,266.260000,0
20110601 080109643,266.120000,266.220000,0
20110601 080112393,266.110000,266.220000,0
20110601 080112737,266.110000,266.210000,0
20110601 080142297,266.110000,266.220000,0
20110601 080142643,266.120000,266.220000,0
20110601 080203610,266.110000,266.210000,0
20110601 080233517,266.110000,266.220000,0
20110601 080233860,266.120000,266.220000,0
20110601 080254487,266.110000,266.220000,0
20110601 080254830,266.110000,266.210000,0
20110601 080324407,266.110000,266.220000,0
20110601 080324737,266.120000,266.220000,0
20110601 080345360,266.110000,266.220000,0
20110601 080345703,266.110000,266.210000,0
20110601 080415610,266.110000,266.220000,0
20110601 080415970,266.120000,266.220000,0
20110601 080822093,266.140000,266.240000,0
20110601 080931513,266.140000,266.250000,0
20110601 080931857,266.150000,266.250000,0
20110601 081034793,266.140000,266.250000,0
20110601 081035137,266.140000,266.240000,0
20110601 081101607,266.130000,266.240000,0
20110601 081101950,266.130000,266.230000,0
20110601 081106420,266.140000,266.240000,0
20110601 081110887,266.130000,266.240000,0
20110601 081111233,266.130000,266.230000,0
20110601 081128077,266.120000,266.240000,0
20110601 081128420,266.100000,266.200000,0
20110601 081156607,266.120000,266.220000,0
20110601 081217577,266.110000,266.220000,0
20110601 081217920,266.110000,266.210000,0
20110601 081224107,266.100000,266.210000,0
20110601 081224450,266.100000,266.200000,0
20110601 081251607,266.140000,266.260000,0
20110601 081251950,266.170000,266.290000,0
20110601 081252293,266.180000,266.300000,0
20110601 081252980,266.190000,266.310000,0
20110601 081253667,266.180000,266.330000,0
20110601 081303310,266.200000,266.350000,0
20110601 081308793,266.200000,266.330000,0
20110601 081313607,266.170000,266.270000,0
20110601 081359323,266.160000,266.270000,0
20110601 081359667,266.160000,266.260000,0
20110601 081429573,266.170000,266.270000,0
20110601 081430263,266.170000,266.290000,0
20110601 081450903,266.160000,266.280000,0
20110601 081504637,266.170000,266.290000,0
20110601 081531463,266.170000,266.270000,0
20110601 081604793,266.170000,266.280000,0
20110601 081605167,266.150000,266.250000,0
20110601 081617183,266.150000,266.260000,0
20110601 081617527,266.170000,266.290000,0
20110601 081617870,266.170000,266.270000,0
20110601 081620637,266.170000,266.280000,0
20110601 081620963,266.170000,266.250000,0
20110601 081621307,266.150000,266.250000,0
20110601 081628527,266.170000,266.280000,0
20110601 081628870,266.170000,266.270000,0
20110601 081641573,266.170000,266.290000,0
20110601 081641917,266.200000,266.300000,0
20110601 081646057,266.170000,266.290000,0
20110601 081646387,266.170000,266.270000,0
20110601 081929667,266.170000,266.260000,0
20110601 081933807,266.170000,266.270000,0
20110601 081952370,266.170000,266.260000,0
20110601 081953383,266.180000,266.270000,0
20110601 081954417,266.180000,266.280000,0
20110601 081954760,266.180000,266.270000,0
20110601 081955463,266.180000,266.280000,0
20110601 081958900,266.180000,266.270000,0
20110601 082001650,266.180000,266.250000,0
20110601 082002323,266.180000,266.270000,0
20110601 082002667,266.180000,266.250000,0
20110601 082003307,266.190000,266.290000,0
20110601 082003430,266.190000,266.270000,0
20110601 082003713,266.200000,266.270000,0
20110601 082004417,266.200000,266.290000,0
20110601 082006447,266.200000,266.300000,0
20110601 082006790,266.240000,266.340000,0
20110601 082007133,266.250000,266.340000,0
20110601 082013323,266.250000,266.320000,0
20110601 082013667,266.250000,266.340000,0
20110601 082015040,266.250000,266.320000,0
20110601 082015727,266.250000,266.340000,0
20110601 082016417,266.250000,266.320000,0
20110601 082018167,266.250000,266.340000,0
20110601 082018493,266.250000,266.320000,0
20110601 082020540,266.250000,266.340000,0
20110601 082021587,266.250000,266.320000,0
20110601 082022277,266.250000,266.340000,0
20110601 082022620,266.250000,266.320000,0
20110601 082042197,266.250000,266.340000,0
20110601 082043243,266.200000,266.310000,0
20110601 082043573,266.200000,266.300000,0
20110601 082104557,266.230000,266.340000,0
20110601 082104883,266.240000,266.340000,0
20110601 082141353,266.220000,266.340000,0
20110601 082141667,266.220000,266.320000,0
20110601 082148540,266.270000,266.370000,0
20110601 082152353,266.220000,266.340000,0
20110601 082152680,266.220000,266.320000,0
20110601 082157133,266.220000,266.340000,0
20110601 082157510,266.250000,266.350000,0
20110601 082159540,266.240000,266.350000,0
20110601 082159883,266.240000,266.340000,0
20110601 082204353,266.240000,266.350000,0
20110601 082204697,266.250000,266.350000,0
20110601 082258383,266.250000,266.360000,0
20110601 082258667,266.260000,266.360000,0
20110601 082400210,266.270000,266.360000,0
20110601 082401587,266.260000,266.360000,0
20110601 082402960,266.270000,266.360000,0
20110601 082407103,266.260000,266.360000,0
20110601 082408103,266.270000,266.360000,0
20110601 082409820,266.260000,266.360000,0
20110601 082411913,266.270000,266.360000,0
20110601 082427350,266.290000,266.360000,0
20110601 082428397,266.270000,266.360000,0
20110601 082428757,266.290000,266.360000,0
20110601 082430820,266.270000,266.360000,0
20110601 082432507,266.290000,266.360000,0
20110601 082435947,266.310000,266.370000,0
20110601 082437663,266.300000,266.370000,0
20110601 082438007,266.320000,266.370000,0
20110601 082441790,266.270000,266.370000,0
20110601 082442133,266.320000,266.440000,0
20110601 082443850,266.300000,266.450000,0
20110601 082447977,266.320000,266.450000,0
20110601 082454540,266.330000,266.450000,0
20110601 082454867,266.350000,266.450000,0
20110601 082456587,266.360000,266.450000,0
20110601 082501397,266.350000,266.450000,0
20110601 082503147,266.360000,266.450000,0
20110601 082503447,266.350000,266.460000,0
20110601 082503790,266.360000,266.460000,0
20110601 082507587,266.360000,266.480000,0
20110601 082507930,266.370000,266.470000,0
20110601 082514460,266.350000,266.460000,0
20110601 082514803,266.350000,266.450000,0
20110601 082519600,266.300000,266.400000,0
20110601 082523383,266.320000,266.420000,0
20110601 082552600,266.300000,266.410000,0
20110601 082552947,266.300000,266.400000,0
20110601 082606350,266.270000,266.370000,0
20110601 082611867,266.300000,266.390000,0
20110601 082612197,266.300000,266.400000,0
20110601 082613570,266.270000,266.390000,0
20110601 082613913,266.270000,266.370000,0
20110601 082620787,266.270000,266.390000,0
20110601 082621133,266.300000,266.400000,0
20110601 082646570,266.370000,266.480000,0
20110601 082646913,266.370000,266.470000,0
20110601 082651383,266.370000,266.460000,0
20110601 082652757,266.370000,266.470000,0
20110601 082655163,266.370000,266.460000,0
20110601 082658273,266.370000,266.470000,0
20110601 082659647,266.370000,266.460000,0
20110601 082706867,266.370000,266.470000,0
20110601 082707193,266.370000,266.460000,0
20110601 082707883,266.370000,266.470000,0
20110601 082709617,266.320000,266.440000,0
20110601 082709943,266.320000,266.420000,0
20110601 082807693,266.340000,266.450000,0
20110601 082808037,266.350000,266.450000,0
20110601 082817320,266.340000,266.450000,0
20110601 082817677,266.340000,266.440000,0
20110601 082820413,266.330000,266.440000,0
20110601 082820757,266.330000,266.430000,0
20110601 082854100,266.330000,266.420000,0
20110601 082858913,266.330000,266.430000,0
20110601 082859943,266.330000,266.420000,0
20110601 082903397,266.330000,266.430000,0
20110601 082905100,266.330000,266.420000,0
20110601 082913710,266.330000,266.400000,0
20110601 082920600,266.330000,266.420000,0
20110601 082921617,266.310000,266.420000,0
20110601 082921960,266.310000,266.410000,0
20110601 082925740,266.310000,266.400000,0
20110601 082938803,266.310000,266.410000,0
20110601 082955287,266.300000,266.410000,0
20110601 082955630,266.290000,266.390000,0
20110601 083000787,266.290000,266.380000,0
20110601 083001817,266.290000,266.390000,0
20110601 083219317,266.310000,266.420000,0
20110601 083219660,266.320000,266.420000,0
20110601 083809253,266.330000,266.420000,0
20110601 083811660,266.320000,266.420000,0
20110601 084203687,266.320000,266.440000,0
20110601 084204033,266.330000,266.430000,0
20110601 084231877,266.330000,266.440000,0
20110601 084232220,266.330000,266.430000,0
20110601 084237063,266.290000,266.400000,0
20110601 084237377,266.290000,266.390000,0
20110601 084239093,266.300000,266.420000,0
20110601 084239437,266.300000,266.410000,0
20110601 084400563,266.250000,266.360000,0
20110601 084400907,266.250000,266.350000,0
20110601 084749500,266.270000,266.380000,0
20110601 084749843,266.270000,266.370000,0
20110601 084753623,266.220000,266.320000,0
20110601 084754310,266.220000,266.340000,0
20110601 084754670,266.270000,266.370000,0
20110601 084759467,266.210000,266.320000,0
20110601 084759810,266.270000,266.380000,0
20110601 084800157,266.270000,266.370000,0
20110601 084811513,266.280000,266.380000,0
20110601 084924030,266.280000,266.370000,0
20110601 084924717,266.280000,266.380000,0
20110601 084926437,266.280000,266.370000,0
20110601 084947077,266.280000,266.380000,0
20110601 085115403,266.310000,266.420000,0
20110601 085115747,266.320000,266.420000,0
20110601 085349403,266.310000,266.420000,0
20110601 085349747,266.310000,266.410000,0
20110601 085501247,266.310000,266.420000,0
20110601 085501590,266.320000,266.420000,0
20110601 085523247,266.310000,266.420000,0
20110601 085523590,266.310000,266.410000,0
20110601 085550057,266.310000,266.420000,0
20110601 085550403,266.350000,266.450000,0
20110601 085720807,266.340000,266.450000,0
20110601 085721150,266.310000,266.410000,0
20110601 090001697,266.320000,266.430000,0
20110601 090002027,266.320000,266.420000,0
20110601 090148587,266.310000,266.420000,0
20110601 090148930,266.310000,266.410000,0
20110601 090305930,266.310000,266.420000,0
20110601 090306273,266.320000,266.420000,0
20110601 090344087,266.330000,266.450000,0
20110601 090345460,266.320000,266.450000,0
20110601 090346837,266.350000,266.480000,0
20110601 090347557,266.360000,266.490000,0
20110601 090348210,266.350000,266.500000,0
20110601 090356837,266.340000,266.490000,0
20110601 091219363,266.330000,266.480000,0
20110601 091219707,266.320000,266.450000,0
20110601 091529800,266.280000,266.420000,0
20110601 091530143,266.280000,266.380000,0
20110601 091543893,266.260000,266.380000,0
20110601 091544237,266.260000,266.360000,0
20110601 091607957,266.210000,266.320000,0
20110601 091608300,266.240000,266.350000,0
20110601 091608660,266.250000,266.350000,0
20110601 091612427,266.230000,266.350000,0
20110601 091612770,266.230000,266.330000,0
20110601 091624113,266.210000,266.310000,0
20110601 091656080,266.230000,266.320000,0
20110601 091656427,266.230000,266.330000,0
20110601 091955173,266.200000,266.310000,0
20110601 091955517,266.200000,266.300000,0
20110601 091957580,266.210000,266.310000,0
20110601 092147580,266.190000,266.310000,0
20110601 092147923,266.190000,266.290000,0
20110601 092527577,266.110000,266.230000,0
20110601 092527923,266.110000,266.210000,0
20110601 092528267,266.080000,266.200000,0
20110601 092528953,266.060000,266.210000,0
20110601 092544077,266.050000,266.180000,0
20110601 092544423,266.050000,266.150000,0
20110601 092608483,266.050000,266.160000,0
20110601 092608827,266.060000,266.160000,0
20110601 092728937,266.050000,266.160000,0
20110601 092729267,266.050000,266.150000,0
20110601 092731327,266.000000,266.130000,0
20110601 092732017,265.980000,266.120000,0
20110601 092732373,265.980000,266.130000,0
20110601 092808453,265.970000,266.120000,0
20110601 092811547,265.920000,266.070000,0
20110601 092812577,265.860000,266.010000,0
20110601 092813263,265.820000,265.970000,0
20110601 092836297,265.840000,265.990000,0
20110601 092858983,265.870000,266.020000,0
20110601 092859327,265.860000,266.010000,0
20110601 092905857,265.910000,266.060000,0
20110601 092908623,265.880000,266.030000,0
20110601 092908953,265.860000,266.010000,0
20110601 092909297,265.850000,265.950000,0
20110601 092920310,265.830000,265.960000,0
20110601 092938530,265.780000,265.930000,0
20110601 092940920,265.830000,265.980000,0
20110601 092941263,265.860000,265.980000,0
20110601 092950547,265.850000,265.980000,0
20110601 092950890,265.850000,265.970000,0
20110601 093000873,265.800000,265.930000,0
20110601 093001890,265.770000,265.920000,0
20110601 093002920,265.780000,265.930000,0
20110601 093003310,265.800000,265.930000,0
20110601 093011513,265.770000,265.920000,0
20110601 093020450,265.780000,265.930000,0
20110601 093041420,265.770000,265.920000,0
20110601 093042107,265.780000,265.930000,0
20110601 093042450,265.800000,265.930000,0
20110601 093111340,265.780000,265.930000,0
20110601 093132293,265.770000,265.920000,0
20110601 093202543,265.780000,265.930000,0
20110601 093222873,265.770000,265.920000,0
20110601 093252730,265.780000,265.930000,0
20110601 093259277,265.740000,265.890000,0
20110601 093300293,265.730000,265.880000,0
20110601 093308887,265.750000,265.900000,0
20110601 093313357,265.740000,265.890000,0
20110601 093336730,265.750000,265.900000,0
20110601 093340873,265.770000,265.920000,0
20110601 093404917,265.760000,265.910000,0
20110601 093455793,265.750000,265.890000,0
20110601 093520543,265.760000,265.890000,0
20110601 093525700,265.770000,265.910000,0
20110601 093526043,265.780000,265.910000,0
20110601 093526730,265.810000,265.940000,0
20110601 093527073,265.800000,265.930000,0
20110601 093546323,265.790000,265.930000,0
20110601 093546667,265.790000,265.920000,0
20110601 093548387,265.730000,265.870000,0
20110601 093548730,265.720000,265.860000,0
20110601 093551137,265.710000,265.860000,0
20110601 093554590,265.750000,265.900000,0
20110601 093554917,265.760000,265.910000,0
20110601 093606950,265.790000,265.910000,0
20110601 093616573,265.790000,265.930000,0
20110601 093616917,265.800000,265.930000,0
20110601 093623450,265.790000,265.930000,0
20110601 093623793,265.790000,265.910000,0
20110601 093637543,265.780000,265.910000,0
20110601 093637887,265.780000,265.900000,0
20110601 093700590,265.780000,265.890000,0
20110601 093702637,265.790000,265.900000,0
20110601 093702980,265.810000,265.920000,0
20110601 093707450,265.820000,265.930000,0
20110601 093720510,265.820000,265.920000,0
20110601 093728433,265.810000,265.920000,0
20110601 093728760,265.810000,265.910000,0
20110601 093734607,265.790000,265.900000,0
20110601 093734947,265.790000,265.890000,0
20110601 093739073,265.790000,265.900000,0
20110601 093739417,265.790000,265.890000,0
20110601 093743887,265.750000,265.850000,0
20110601 093804167,265.720000,265.840000,0
20110601 093804510,265.720000,265.820000,0
20110601 093814823,265.730000,265.840000,0
20110601 093815183,265.740000,265.840000,0
20110601 093817230,265.740000,265.850000,0
20110601 093817573,265.760000,265.850000,0
20110601 093817917,265.770000,265.890000,0
20110601 093818947,265.800000,265.900000,0
20110601 093819293,265.790000,265.900000,0
20110601 093819637,265.790000,265.890000,0
20110601 093850573,265.790000,265.900000,0
20110601 093850917,265.800000,265.900000,0
20110601 093918073,265.820000,265.930000,0
20110601 093918417,265.820000,265.920000,0
20110601 093932167,265.830000,265.940000,0
20110601 093932510,265.840000,265.940000,0
20110601 093936290,265.840000,265.950000,0
20110601 093936637,265.850000,265.950000,0
20110601 093938370,265.870000,265.990000,0
20110601 093938697,265.880000,266.000000,0
20110601 093939730,265.960000,266.110000,0
20110601 093940433,265.970000,266.120000,0
20110601 093942137,266.020000,266.170000,0
20110601 093945573,265.930000,266.080000,0
20110601 093945917,265.920000,266.020000,0
20110601 094006540,265.910000,266.060000,0
20110601 094007573,265.900000,266.050000,0
20110601 094008603,265.950000,266.100000,0
20110601 094110477,265.970000,266.120000,0
20110601 094110823,265.980000,266.130000,0
20110601 094113243,266.020000,266.170000,0
20110601 094133167,266.000000,266.150000,0
20110601 094159290,265.950000,266.100000,0
20110601 094159633,265.930000,266.060000,0
20110601 094200337,265.930000,266.070000,0
20110601 094220617,265.930000,266.060000,0
20110601 094227133,265.910000,266.040000,0
20110601 094240540,265.910000,266.030000,0
20110601 094244667,265.920000,266.060000,0
20110601 094245010,265.940000,266.060000,0
20110601 094300477,265.940000,266.050000,0
20110601 094320417,265.950000,266.050000,0
20110601 094553057,265.970000,266.110000,0
20110601 094554757,266.000000,266.150000,0
20110601 094555100,266.030000,266.180000,0
20110601 094639447,266.000000,266.150000,0
20110601 094639790,266.000000,266.100000,0
20110601 094814663,265.990000,266.100000,0
20110601 094815007,265.990000,266.090000,0
20110601 094843210,265.990000,266.100000,0
20110601 094843537,266.000000,266.100000,0
20110601 094919630,265.990000,266.100000,0
20110601 094919977,265.990000,266.090000,0
20110601 094929600,266.020000,266.120000,0
20110601 095003303,265.950000,266.070000,0
20110601 095003647,265.930000,266.050000,0
20110601 095005007,265.850000,266.000000,0
20110601 095006397,265.870000,266.020000,0
20110601 095007070,265.920000,266.070000,0
20110601 095009820,265.930000,266.080000,0
20110601 095010163,265.950000,266.090000,0
20110601 095014977,265.950000,266.050000,0
20110601 095158117,265.940000,266.040000,0
20110601 095306160,265.940000,266.070000,0
20110601 095306507,265.960000,266.060000,0
20110601 095320943,265.970000,266.070000,0
20110601 095323303,265.960000,266.070000,0
20110601 095323350,265.960000,266.060000,0
20110601 095505097,265.950000,266.050000,0
20110601 095535003,265.960000,266.060000,0
20110601 095555630,265.960000,266.050000,0
20110601 095556677,265.950000,266.050000,0
20110601 095625537,265.960000,266.060000,0
20110601 095646503,265.950000,266.060000,0
20110601 095646847,265.950000,266.050000,0
20110601 095657520,265.960000,266.060000,0
20110601 095930143,265.960000,266.080000,0
20110601 100007253,265.990000,266.110000,0
20110601 100010003,266.010000,266.140000,0
20110601 100012080,266.020000,266.140000,0
20110601 100018597,266.070000,266.190000,0
20110601 100039907,266.120000,266.220000,0
20110601 100104330,266.120000,266.240000,0
20110601 100105393,266.090000,266.210000,0
20110601 100106050,266.080000,266.230000,0
20110601 100106393,266.090000,266.230000,0
20110601 100108470,266.110000,266.230000,0
20110601 100108800,266.120000,266.250000,0
20110601 100109143,266.150000,266.250000,0
20110601 100109830,266.110000,266.240000,0
20110601 100110173,266.110000,266.210000,0
20110601 100110860,266.120000,266.210000,0
20110601 100111877,266.130000,266.210000,0
20110601 100112220,266.110000,266.210000,0
20110601 100114643,266.130000,266.210000,0
20110601 100114987,266.110000,266.210000,0
20110601 100153470,266.140000,266.240000,0
20110601 100209970,266.120000,266.240000,0
20110601 100210313,266.120000,266.220000,0
20110601 100218597,266.140000,266.220000,0
20110601 100220297,266.120000,266.220000,0
20110601 100221673,266.140000,266.220000,0
20110601 100226500,266.160000,266.220000,0
20110601 100230610,266.160000,266.270000,0
20110601 100230970,266.170000,266.270000,0
20110601 100238533,266.170000,266.250000,0
20110601 100238877,266.190000,266.250000,0
20110601 100242627,266.170000,266.260000,0
20110601 100242987,266.170000,266.270000,0
20110601 100243297,266.190000,266.270000,0
20110601 100243673,266.180000,266.270000,0
20110601 100245047,266.190000,266.270000,0
20110601 100246097,266.210000,266.270000,0
20110601 100248157,266.210000,266.320000,0
20110601 100248500,266.220000,266.320000,0
20110601 100257080,266.170000,266.280000,0
20110601 100257423,266.170000,266.270000,0
20110601 100305673,266.190000,266.290000,0
20110601 100308080,266.190000,266.300000,0
20110601 100308423,266.200000,266.320000,0
20110601 100309097,266.240000,266.360000,0
20110601 100310173,266.230000,266.380000,0
20110601 100311157,266.300000,266.430000,0
20110601 100311533,266.320000,266.420000,0
20110601 100312893,266.300000,266.420000,0
20110601 100313250,266.300000,266.400000,0
20110601 100330080,266.220000,266.340000,0
20110601 100331437,266.200000,266.350000,0
20110601 100332830,266.280000,266.400000,0
20110601 100333173,266.300000,266.400000,0
20110601 100334533,266.270000,266.390000,0
20110601 100334877,266.270000,266.370000,0
20110601 100335220,266.290000,266.400000,0
20110601 100335580,266.300000,266.400000,0
20110601 100343830,266.270000,266.390000,0
20110601 100344173,266.270000,266.370000,0
20110601 100345203,266.270000,266.390000,0
20110601 100345547,266.300000,266.400000,0
20110601 100352767,266.270000,266.390000,0
20110601 100353110,266.270000,266.370000,0
20110601 100354140,266.270000,266.390000,0
20110601 100354487,266.300000,266.400000,0
20110601 100357563,266.290000,266.400000,0
20110601 100357923,266.270000,266.370000,0
20110601 100401703,266.230000,266.350000,0
20110601 100402377,266.220000,266.340000,0
20110601 100402750,266.200000,266.350000,0
20110601 100403093,266.280000,266.400000,0
20110601 100403407,266.300000,266.400000,0
20110601 100404110,266.200000,266.350000,0
20110601 100405140,266.220000,266.340000,0
20110601 100405470,266.270000,266.370000,0
20110601 100407203,266.270000,266.350000,0
20110601 100407923,266.270000,266.370000,0
20110601 100412343,266.250000,266.360000,0
20110601 100412687,266.250000,266.350000,0
20110601 100415437,266.240000,266.350000,0
20110601 100415783,266.190000,266.300000,0
20110601 100416140,266.170000,266.290000,0
20110601 100416470,266.150000,266.270000,0
20110601 100417157,266.200000,266.330000,0
20110601 100417517,266.220000,266.320000,0
20110601 100424720,266.160000,266.300000,0
20110601 100425437,266.130000,266.270000,0
20110601 100426437,266.210000,266.330000,0
20110601 100426783,266.220000,266.320000,0
20110601 100437797,266.150000,266.300000,0
20110601 100438470,266.130000,266.270000,0
20110601 100439173,266.130000,266.280000,0
20110601 100440203,266.220000,266.320000,0
20110601 100449830,266.200000,266.330000,0
20110601 100450157,266.200000,266.300000,0
20110601 100517657,266.200000,266.310000,0
20110601 100518000,266.220000,266.320000,0
20110601 100549970,266.220000,266.330000,0
20110601 100550327,266.220000,266.320000,0
20110601 100619563,266.190000,266.310000,0
20110601 100620923,266.190000,266.290000,0
20110601 100639500,266.170000,266.290000,0
20110601 100639843,266.170000,266.270000,0
20110601 100706967,266.150000,266.260000,0
20110601 100707313,266.150000,266.250000,0
20110601 100712123,266.100000,266.200000,0
20110601 100735500,266.100000,266.190000,0
20110601 100735843,266.100000,266.200000,0
20110601 100752343,266.100000,266.190000,0
20110601 100752717,266.100000,266.200000,0
20110601 100803373,266.090000,266.200000,0
20110601 100803703,266.060000,266.160000,0
20110601 100811953,266.050000,266.160000,0
20110601 100812280,266.050000,266.150000,0
20110601 100821907,266.050000,266.130000,0
20110601 100822593,266.050000,266.150000,0
20110601 100822953,266.050000,266.130000,0
20110601 100823623,266.040000,266.150000,0
20110601 100823983,266.040000,266.120000,0
20110601 100824657,266.020000,266.120000,0
20110601 100825000,266.030000,266.140000,0
20110601 100825357,266.040000,266.140000,0
20110601 100826373,266.030000,266.140000,0
20110601 100826717,266.000000,266.100000,0
20110601 100838060,265.990000,266.100000,0
20110601 100838407,265.970000,266.070000,0
20110601 100848390,265.960000,266.070000,0
20110601 100848750,265.960000,266.060000,0
20110601 100900420,265.950000,266.060000,0
20110601 100900797,265.950000,266.050000,0
20110601 100904187,265.950000,266.060000,0
20110601 100904530,265.960000,266.060000,0
20110601 100943373,265.960000,266.070000,0
20110601 100943717,266.000000,266.100000,0
20110601 100945780,265.990000,266.100000,0
20110601 100946140,265.990000,266.090000,0
20110601 101022233,266.010000,266.090000,0
20110601 101022920,265.990000,266.090000,0
20110601 101026687,266.010000,266.090000,0
20110601 101027030,265.990000,266.090000,0
20110601 101027390,266.010000,266.090000,0
20110601 101030810,266.010000,266.100000,0
20110601 101031843,266.020000,266.100000,0
20110601 101034607,266.040000,266.100000,0
20110601 101035653,266.040000,266.110000,0
20110601 101035983,266.040000,266.100000,0
20110601 101037357,266.050000,266.200000,0
20110601 101037687,266.070000,266.190000,0
20110601 101039403,266.070000,266.200000,0
20110601 101039763,266.090000,266.200000,0
20110601 101041810,266.070000,266.200000,0
20110601 101043873,266.090000,266.200000,0
20110601 101048343,266.070000,266.200000,0
20110601 101103483,266.090000,266.200000,0
20110601 101109653,266.070000,266.200000,0
20110601 101113093,266.050000,266.200000,0
20110601 101113437,266.050000,266.150000,0
20110601 101121343,266.040000,266.150000,0
20110601 101121700,266.040000,266.140000,0
20110601 101126497,266.060000,266.140000,0
20110601 101127903,266.030000,266.140000,0
20110601 101128297,266.030000,266.130000,0
20110601 101131997,266.060000,266.180000,0
20110601 101133047,266.070000,266.190000,0
20110601 101133717,266.050000,266.200000,0
20110601 101145403,266.070000,266.200000,0
20110601 101145747,266.050000,266.180000,0
20110601 101146090,266.050000,266.150000,0
20110601 101150920,266.060000,266.150000,0
20110601 101151247,266.050000,266.150000,0
20110601 101151607,266.060000,266.150000,0
20110601 101158840,266.050000,266.150000,0
20110601 101200887,266.060000,266.150000,0
20110601 101207420,266.080000,266.150000,0
20110601 101207747,266.060000,266.150000,0
20110601 101208793,266.080000,266.150000,0
20110601 101211187,266.060000,266.150000,0
20110601 101211873,266.080000,266.150000,0
20110601 101218420,266.100000,266.150000,0
20110601 101219090,266.080000,266.150000,0
20110601 101232840,266.060000,266.180000,0
20110601 101233187,266.100000,266.180000,0
20110601 101233543,266.100000,266.200000,0
20110601 101234903,266.110000,266.200000,0
20110601 101235247,266.130000,266.200000,0
20110601 101235937,266.140000,266.200000,0
20110601 101236293,266.140000,266.260000,0
20110601 101236623,266.230000,266.330000,0
20110601 101239030,266.180000,266.300000,0
20110601 101239373,266.170000,266.290000,0
20110601 101240437,266.170000,266.300000,0
20110601 101244887,266.150000,266.300000,0
20110601 101246263,266.170000,266.300000,0
20110601 101246950,266.150000,266.300000,0
20110601 101333687,266.150000,266.250000,0
20110601 101402920,266.160000,266.250000,0
20110601 101409467,266.150000,266.250000,0
20110601 101410137,266.160000,266.250000,0
20110601 101424217,266.150000,266.250000,0
20110601 101429730,266.160000,266.250000,0
20110601 101437637,266.150000,266.250000,0
20110601 101439340,266.150000,266.270000,0
20110601 101439683,266.170000,266.270000,0
20110601 101454467,266.150000,266.260000,0
20110601 101454810,266.150000,266.250000,0
20110601 101739480,266.150000,266.240000,0
20110601 101739807,266.150000,266.250000,0
20110601 101841697,266.150000,266.240000,0
20110601 101904400,266.150000,266.250000,0
20110601 101905057,266.150000,266.240000,0
20110601 101906447,266.150000,266.250000,0
20110601 101935650,266.150000,266.260000,0
20110601 101935997,266.160000,266.260000,0
20110601 102054040,266.280000,266.420000,0
20110601 102054370,266.220000,266.350000,0
20110601 102054713,266.190000,266.330000,0
20110601 102056447,266.190000,266.340000,0
20110601 102155213,266.130000,266.280000,0
20110601 102156930,266.080000,266.230000,0
20110601 102202777,266.130000,266.280000,0
20110601 102207243,266.100000,266.250000,0
20110601 102307777,266.130000,266.280000,0
20110601 102308117,266.150000,266.290000,0
20110601 102310197,266.150000,266.300000,0
20110601 102345243,266.120000,266.270000,0
20110601 102345617,266.110000,266.240000,0
20110601 102400383,266.110000,266.230000,0
20110601 102420633,266.120000,266.230000,0
20110601 102440587,266.120000,266.220000,0
20110601 102444367,266.120000,266.250000,0
20110601 102444697,266.150000,266.250000,0
20110601 102546960,266.170000,266.250000,0
20110601 102548320,266.150000,266.250000,0
20110601 102548977,266.170000,266.250000,0
20110601 102549710,266.150000,266.250000,0
20110601 102553820,266.170000,266.250000,0
20110601 102554163,266.150000,266.250000,0
20110601 102554507,266.190000,266.300000,0
20110601 102554820,266.200000,266.300000,0
20110601 102658430,266.210000,266.330000,0
20110601 102658757,266.220000,266.320000,0
20110601 102701850,266.250000,266.350000,0
20110601 102710100,266.210000,266.340000,0
20110601 102711850,266.200000,266.350000,0
20110601 102813037,266.170000,266.300000,0
20110601 102813383,266.170000,266.270000,0
20110601 103006477,266.180000,266.280000,0
20110601 103036710,266.170000,266.270000,0
20110601 103037070,266.180000,266.280000,0
20110601 103051523,266.170000,266.270000,0
20110601 103116943,266.150000,266.260000,0
20110601 103117270,266.150000,266.250000,0
20110601 103133100,266.100000,266.220000,0
20110601 103133443,266.100000,266.200000,0
20110601 103138960,266.100000,266.210000,0
20110601 103139287,266.180000,266.300000,0
20110601 103139617,266.190000,266.310000,0
20110601 103140663,266.180000,266.330000,0
20110601 103157520,266.170000,266.320000,0
20110601 103213663,266.200000,266.330000,0
20110601 103219130,266.200000,266.300000,0
20110601 103421847,266.190000,266.300000,0
20110601 103422193,266.190000,266.290000,0
20110601 103617380,266.170000,266.270000,0
20110601 103948440,266.160000,266.260000,0
20110601 104012847,266.170000,266.260000,0
20110601 104014910,266.170000,266.270000,0
20110601 104016970,266.180000,266.270000,0
20110601 104118173,266.170000,266.270000,0
20110601 104206283,266.190000,266.300000,0
20110601 104206610,266.200000,266.300000,0
20110601 104226893,266.170000,266.290000,0
20110601 104227220,266.170000,266.270000,0
20110601 104245097,266.200000,266.300000,0
20110601 104259563,266.170000,266.290000,0
20110601 104259907,266.170000,266.270000,0
20110601 104340110,266.180000,266.280000,0
20110601 104340470,266.180000,266.290000,0
20110601 104340813,266.190000,266.290000,0
20110601 104409330,266.170000,266.290000,0
20110601 104409687,266.180000,266.280000,0
20110601 104430297,266.180000,266.290000,0
20110601 104430627,266.190000,266.290000,0
20110601 104500640,266.150000,266.260000,0
20110601 104500923,266.150000,266.250000,0
20110601 104521533,266.150000,266.270000,0
20110601 104521877,266.160000,266.260000,0
20110601 104551407,266.160000,266.270000,0
20110601 104551767,266.150000,266.260000,0
20110601 104552110,266.150000,266.250000,0
20110601 104612377,266.160000,266.270000,0
20110601 104612750,266.180000,266.300000,0
20110601 104650907,266.150000,266.270000,0
20110601 104651233,266.150000,266.250000,0
20110601 104703640,266.160000,266.260000,0
20110601 104715297,266.180000,266.300000,0
20110601 104717360,266.170000,266.300000,0
20110601 104717733,266.160000,266.260000,0
20110601 104721843,266.170000,266.270000,0
20110601 104733877,266.150000,266.270000,0
20110601 104734267,266.080000,266.220000,0
20110601 104734577,266.060000,266.200000,0
20110601 104736280,266.040000,266.190000,0
20110601 104736967,266.030000,266.180000,0
20110601 104742467,266.070000,266.220000,0
20110601 104742780,266.080000,266.230000,0
20110601 104753093,266.090000,266.240000,0
20110601 104753437,266.100000,266.250000,0
20110601 104754827,266.130000,266.250000,0
20110601 104817500,266.140000,266.290000,0
20110601 104817873,266.130000,266.250000,0
20110601 104837123,266.130000,266.240000,0
20110601 104845373,266.130000,266.250000,0
20110601 104845717,266.150000,266.250000,0
20110601 104848467,266.130000,266.250000,0
20110601 104848813,266.130000,266.230000,0
20110601 104915967,266.100000,266.210000,0
20110601 104916280,266.100000,266.200000,0
20110601 104936560,266.100000,266.220000,0
20110601 104936920,266.110000,266.210000,0
20110601 104951030,266.110000,266.220000,0
