20110401 001326000,265.800000,265.950000,0
20110401 001357000,265.790000,265.940000,0
20110401 001358000,265.780000,265.930000,0
20110401 001359000,265.770000,265.920000,0
20110401 010645000,265.790000,265.940000,0
20110401 013427000,265.820000,265.910000,0
20110401 013428000,265.790000,265.940000,0
20110401 015146000,265.810000,265.960000,0
20110401 015148000,265.830000,265.970000,0
20110401 015656000,265.820000,265.970000,0
20110401 020425000,265.820000,265.960000,0
20110401 020427000,265.790000,265.940000,0
20110401 020440000,265.750000,265.900000,0
20110401 020550000,265.780000,265.930000,0
20110401 021003000,265.810000,265.960000,0
20110401 021004000,265.840000,265.990000,0
20110401 021004000,265.860000,266.010000,0
20110401 021006000,265.880000,266.030000,0
20110401 021339000,265.850000,266.000000,0
20110401 021409000,265.650000,265.800000,0
20110401 021556000,265.720000,265.800000,0
20110401 021557000,265.750000,265.900000,0
20110401 021557000,265.820000,265.970000,0
20110401 021558000,265.850000,266.000000,0
20110401 021854000,265.880000,265.970000,0
20110401 022036000,265.860000,265.990000,0
20110401 022147000,265.700000,265.830000,0
20110401 022155000,265.690000,265.820000,0
20110401 022400000,265.730000,265.860000,0
20110401 022405000,265.740000,265.880000,0
20110401 022405000,265.760000,265.890000,0
20110401 022406000,265.760000,265.900000,0
20110401 022408000,265.740000,265.870000,0
20110401 022410000,265.730000,265.880000,0
20110401 022958000,265.710000,265.860000,0
20110401 023120000,265.680000,265.830000,0
20110401 023124000,265.670000,265.820000,0
20110401 023135000,265.670000,265.810000,0
20110401 023204000,265.660000,265.810000,0
20110401 023205000,265.670000,265.820000,0
20110401 023206000,265.660000,265.810000,0
20110401 023207000,265.680000,265.800000,0
20110401 023225000,265.680000,265.810000,0
20110401 023227000,265.690000,265.810000,0
20110401 023236000,265.680000,265.800000,0
20110401 023247000,265.670000,265.790000,0
20110401 023252000,265.680000,265.800000,0
20110401 023253000,265.690000,265.790000,0
20110401 023255000,265.690000,265.800000,0
20110401 023307000,265.690000,265.790000,0
20110401 023326000,265.690000,265.800000,0
20110401 023338000,265.690000,265.790000,0
20110401 023353000,265.690000,265.800000,0
20110401 023440000,265.700000,265.800000,0
20110401 023441000,265.690000,265.810000,0
20110401 023702000,265.850000,265.900000,0
20110401 023702000,266.020000,266.130000,0
20110401 023705000,266.020000,266.120000,0
20110401 023709000,265.960000,266.070000,0
20110401 023709000,265.870000,266.020000,0
20110401 023711000,265.810000,265.960000,0
20110401 023735000,265.780000,265.930000,0
20110401 024137000,265.760000,265.910000,0
20110401 024611000,265.680000,265.830000,0
20110401 024611000,265.660000,265.800000,0
20110401 024617000,265.740000,265.890000,0
20110401 024617000,265.760000,265.910000,0
20110401 024622000,265.670000,265.820000,0
20110401 024623000,265.660000,265.800000,0
20110401 024639000,265.730000,265.880000,0
20110401 024640000,265.760000,265.910000,0
20110401 024732000,265.780000,265.930000,0
20110401 025110000,265.760000,265.910000,0
20110401 025111000,265.750000,265.900000,0
20110401 025129000,265.760000,265.910000,0
20110401 025357000,265.750000,265.890000,0
20110401 025630000,265.730000,265.880000,0
20110401 025631000,265.720000,265.870000,0
20110401 025631000,265.730000,265.870000,0
20110401 025632000,265.730000,265.850000,0
20110401 025715000,265.730000,265.860000,0
20110401 025715000,265.710000,265.860000,0
20110401 025716000,265.710000,265.850000,0
20110401 025717000,265.720000,265.840000,0
20110401 025718000,265.720000,265.830000,0
20110401 025800000,265.720000,265.840000,0
20110401 025905000,265.710000,265.840000,0
20110401 025906000,265.720000,265.840000,0
20110401 025940000,265.740000,265.860000,0
20110401 025941000,265.770000,265.890000,0
20110401 025942000,265.780000,265.910000,0
20110401 025943000,265.790000,265.910000,0
20110401 025943000,265.780000,265.930000,0
20110401 025951000,265.810000,265.960000,0
20110401 025952000,265.800000,265.950000,0
20110401 025958000,265.830000,265.980000,0
20110401 030000000,265.850000,265.950000,0
20110401 030003000,265.840000,265.950000,0
20110401 030004000,265.840000,265.940000,0
20110401 030024000,265.840000,265.950000,0
20110401 030024000,265.850000,265.950000,0
20110401 030233000,265.850000,265.960000,0
20110401 030233000,265.860000,265.960000,0
20110401 030307000,265.860000,265.970000,0
20110401 030308000,265.880000,266.000000,0
20110401 030310000,265.870000,266.000000,0
20110401 030328000,265.900000,266.000000,0
20110401 030353000,265.870000,266.000000,0
20110401 030402000,265.840000,265.980000,0
20110401 030402000,265.800000,265.950000,0
20110401 030405000,265.760000,265.910000,0
20110401 030406000,265.750000,265.900000,0
20110401 030413000,265.760000,265.900000,0
20110401 030414000,265.800000,265.900000,0
20110401 030420000,265.750000,265.900000,0
20110401 030500000,265.750000,265.880000,0
20110401 031235000,265.770000,265.900000,0
20110401 031235000,265.800000,265.900000,0
20110401 031343000,265.800000,265.920000,0
20110401 031344000,265.820000,265.920000,0
20110401 031413000,265.800000,265.910000,0
20110401 031413000,265.800000,265.900000,0
20110401 031417000,265.810000,265.920000,0
20110401 031418000,265.820000,265.920000,0
20110401 031425000,265.840000,265.950000,0
20110401 031426000,265.850000,265.950000,0
20110401 031458000,265.880000,265.970000,0
20110401 031502000,265.850000,265.950000,0
20110401 031641000,265.850000,265.940000,0
20110401 031642000,265.810000,265.890000,0
20110401 031643000,265.750000,265.890000,0
20110401 031644000,265.750000,265.880000,0
20110401 031701000,265.760000,265.880000,0
20110401 031703000,265.750000,265.880000,0
20110401 031714000,265.770000,265.900000,0
20110401 031715000,265.800000,265.900000,0
20110401 031940000,265.820000,265.960000,0
20110401 031941000,265.830000,265.970000,0
20110401 031943000,265.830000,265.980000,0
20110401 032102000,265.810000,265.960000,0
20110401 032103000,265.800000,265.950000,0
20110401 032105000,265.800000,265.930000,0
20110401 032303000,265.820000,265.950000,0
20110401 032303000,265.850000,265.950000,0
20110401 032418000,265.850000,265.960000,0
20110401 032418000,265.860000,265.960000,0
20110401 032427000,265.880000,266.000000,0
20110401 032427000,265.890000,266.000000,0
20110401 032428000,265.890000,265.990000,0
20110401 032447000,265.900000,266.000000,0
20110401 032458000,265.900000,265.990000,0
20110401 032519000,265.900000,266.000000,0
20110401 032530000,265.900000,265.990000,0
20110401 032545000,265.900000,266.000000,0
20110401 032555000,265.900000,265.990000,0
20110401 032558000,265.860000,265.950000,0
20110401 032600000,265.850000,265.950000,0
20110401 032606000,265.870000,265.950000,0
20110401 032607000,265.870000,265.970000,0
20110401 032616000,265.880000,265.970000,0
20110401 032626000,265.870000,265.970000,0
20110401 032647000,265.880000,265.970000,0
20110401 032657000,265.870000,265.970000,0
20110401 032718000,265.880000,265.970000,0
20110401 032728000,265.870000,265.970000,0
20110401 032742000,265.890000,265.980000,0
20110401 032748000,265.890000,265.990000,0
20110401 032759000,265.890000,265.980000,0
20110401 032819000,265.890000,265.990000,0
20110401 032830000,265.890000,265.980000,0
20110401 032851000,265.890000,265.990000,0
20110401 032901000,265.890000,265.980000,0
20110401 032922000,265.890000,265.990000,0
20110401 032932000,265.890000,265.980000,0
20110401 032937000,265.860000,265.950000,0
20110401 032938000,265.850000,265.950000,0
20110401 032947000,265.870000,265.970000,0
20110401 032952000,265.850000,265.960000,0
20110401 032952000,265.850000,265.950000,0
20110401 032952000,265.860000,265.950000,0
20110401 032953000,265.860000,265.960000,0
20110401 032959000,265.870000,265.980000,0
20110401 032959000,265.870000,265.970000,0
20110401 033023000,265.880000,265.970000,0
20110401 033035000,265.870000,265.970000,0
20110401 033054000,265.880000,265.970000,0
20110401 033122000,265.880000,265.980000,0
20110401 034126000,265.880000,265.970000,0
20110401 034128000,265.880000,265.980000,0
20110401 034129000,265.930000,266.020000,0
20110401 034130000,265.940000,266.030000,0
20110401 034131000,265.970000,266.060000,0
20110401 034218000,265.950000,266.050000,0
20110401 034221000,265.970000,266.070000,0
20110401 034341000,265.970000,266.050000,0
20110401 034341000,265.950000,266.050000,0
20110401 034459000,265.940000,266.040000,0
20110401 034549000,265.950000,266.050000,0
20110401 034557000,265.980000,266.070000,0
20110401 034600000,266.000000,266.090000,0
20110401 034604000,265.990000,266.070000,0
20110401 034606000,265.950000,266.050000,0
20110401 034616000,265.970000,266.070000,0
20110401 035232000,265.980000,266.070000,0
20110401 035732000,265.970000,266.070000,0
20110401 040129000,266.000000,266.100000,0
20110401 040239000,266.000000,266.090000,0
20110401 040259000,266.000000,266.100000,0
20110401 040310000,266.000000,266.090000,0
20110401 040330000,266.000000,266.100000,0
20110401 040341000,266.000000,266.090000,0
20110401 040350000,266.000000,266.100000,0
20110401 040921000,266.030000,266.120000,0
20110401 040942000,266.000000,266.100000,0
20110401 041224000,266.030000,266.120000,0
20110401 041224000,266.000000,266.100000,0
20110401 041240000,266.030000,266.120000,0
20110401 041321000,266.020000,266.120000,0
20110401 041330000,266.050000,266.140000,0
20110401 041424000,266.040000,266.120000,0
20110401 041424000,266.020000,266.120000,0
20110401 041448000,266.050000,266.140000,0
20110401 041459000,266.020000,266.110000,0
20110401 041459000,266.020000,266.100000,0
20110401 041459000,266.000000,266.100000,0
20110401 041647000,265.970000,266.090000,0
20110401 041648000,265.970000,266.070000,0
20110401 041709000,265.970000,266.080000,0
20110401 041709000,265.980000,266.080000,0
20110401 042016000,265.980000,266.090000,0
20110401 042017000,265.980000,266.080000,0
20110401 042018000,265.990000,266.080000,0
20110401 042036000,265.980000,266.080000,0
20110401 042047000,265.990000,266.080000,0
20110401 042107000,265.980000,266.080000,0
20110401 042118000,265.990000,266.080000,0
20110401 042138000,265.980000,266.080000,0
20110401 042149000,265.980000,266.070000,0
20110401 042149000,265.980000,266.080000,0
20110401 042209000,265.980000,266.070000,0
20110401 042220000,265.980000,266.080000,0
20110401 042240000,265.980000,266.070000,0
20110401 042252000,265.980000,266.080000,0
20110401 042312000,265.980000,266.070000,0
20110401 042322000,265.980000,266.080000,0
20110401 042342000,265.980000,266.070000,0
20110401 042353000,265.980000,266.080000,0
20110401 042413000,265.980000,266.070000,0
20110401 042424000,265.980000,266.080000,0
20110401 042444000,265.980000,266.070000,0
20110401 042456000,265.980000,266.080000,0
20110401 042515000,265.980000,266.070000,0
20110401 042526000,265.980000,266.080000,0
20110401 042546000,265.980000,266.070000,0
20110401 042558000,265.980000,266.080000,0
20110401 042617000,265.980000,266.070000,0
20110401 042628000,265.980000,266.080000,0
20110401 042633000,266.000000,266.100000,0
20110401 042938000,265.980000,266.080000,0
20110401 042955000,265.980000,266.070000,0
20110401 043005000,265.980000,266.080000,0
20110401 043026000,265.980000,266.070000,0
20110401 043035000,266.050000,266.150000,0
20110401 043036000,266.060000,266.150000,0
20110401 043038000,266.080000,266.180000,0
20110401 043043000,266.080000,266.170000,0
20110401 043046000,266.080000,266.160000,0
20110401 043048000,266.080000,266.170000,0
20110401 043053000,266.080000,266.180000,0
20110401 043104000,266.080000,266.160000,0
20110401 043105000,266.080000,266.180000,0
20110401 043109000,266.090000,266.180000,0
20110401 043109000,266.100000,266.180000,0
20110401 043116000,266.090000,266.180000,0
20110401 043124000,266.100000,266.180000,0
20110401 043136000,266.090000,266.180000,0
20110401 043312000,266.140000,266.240000,0
20110401 043313000,266.160000,266.240000,0
20110401 043315000,266.090000,266.180000,0
20110401 043358000,266.070000,266.160000,0
20110401 043359000,266.090000,266.180000,0
20110401 043404000,266.080000,266.170000,0
20110401 043412000,266.050000,266.150000,0
20110401 043455000,266.050000,266.140000,0
20110401 043607000,266.040000,266.120000,0
20110401 043609000,265.980000,266.080000,0
20110401 043609000,265.980000,266.070000,0
20110401 043614000,265.980000,266.080000,0
20110401 043616000,266.000000,266.110000,0
20110401 043617000,266.000000,266.100000,0
20110401 043617000,266.010000,266.100000,0
20110401 043723000,266.030000,266.120000,0
20110401 043829000,266.010000,266.100000,0
20110401 043852000,266.030000,266.120000,0
20110401 044402000,266.020000,266.120000,0
20110401 045101000,266.030000,266.120000,0
20110401 045104000,266.050000,266.120000,0
20110401 045105000,266.050000,266.150000,0
20110401 045142000,266.030000,266.120000,0
20110401 045513000,266.080000,266.130000,0
20110401 045514000,266.080000,266.170000,0
20110401 045518000,266.130000,266.220000,0
20110401 045532000,266.180000,266.270000,0
20110401 045537000,266.180000,266.280000,0
20110401 045539000,266.160000,266.250000,0
20110401 045557000,266.150000,266.230000,0
20110401 045557000,266.130000,266.230000,0
20110401 045614000,266.130000,266.220000,0
20110401 045616000,266.110000,266.200000,0
20110401 045616000,266.080000,266.180000,0
20110401 045616000,266.050000,266.190000,0
20110401 045620000,266.110000,266.250000,0
20110401 045621000,266.140000,266.240000,0
20110401 045708000,266.170000,266.240000,0
20110401 045714000,266.120000,266.210000,0
20110401 045714000,266.120000,266.180000,0
20110401 045714000,266.090000,266.180000,0
20110401 045715000,266.050000,266.180000,0
20110401 045721000,266.110000,266.240000,0
20110401 045722000,266.140000,266.240000,0
20110401 045753000,266.110000,266.200000,0
20110401 045753000,266.110000,266.190000,0
20110401 045754000,266.080000,266.180000,0
20110401 045754000,266.050000,266.190000,0
20110401 045758000,266.150000,266.270000,0
20110401 045759000,266.170000,266.270000,0
20110401 045819000,266.100000,266.190000,0
20110401 045820000,266.050000,266.190000,0
20110401 045826000,266.050000,266.170000,0
20110401 045829000,266.140000,266.260000,0
20110401 045829000,266.160000,266.260000,0
20110401 045831000,266.170000,266.260000,0
20110401 045842000,266.200000,266.260000,0
20110401 045843000,266.200000,266.300000,0
20110401 045904000,266.250000,266.350000,0
20110401 045919000,266.190000,266.290000,0
20110401 045920000,266.080000,266.230000,0
20110401 045923000,266.070000,266.220000,0
20110401 045929000,266.080000,266.230000,0
20110401 045934000,266.160000,266.310000,0
20110401 045935000,266.190000,266.310000,0
20110401 045953000,266.180000,266.330000,0
20110401 045957000,266.210000,266.360000,0
20110401 045958000,266.210000,266.350000,0
20110401 050009000,266.220000,266.340000,0
20110401 050010000,266.230000,266.330000,0
20110401 050017000,266.250000,266.350000,0
20110401 050019000,266.250000,266.340000,0
20110401 050038000,266.210000,266.310000,0
20110401 050040000,266.210000,266.320000,0
20110401 050040000,266.210000,266.310000,0
20110401 050047000,266.170000,266.270000,0
20110401 050054000,266.220000,266.310000,0
20110401 050057000,266.220000,266.320000,0
20110401 050101000,266.180000,266.270000,0
20110401 050102000,266.170000,266.260000,0
20110401 050104000,266.210000,266.310000,0
20110401 050110000,266.220000,266.310000,0
20110401 050111000,266.220000,266.320000,0
20110401 050113000,266.210000,266.320000,0
20110401 050113000,266.190000,266.300000,0
20110401 050113000,266.190000,266.290000,0
20110401 050115000,266.200000,266.290000,0
20110401 050125000,266.170000,266.270000,0
20110401 050130000,266.170000,266.220000,0
20110401 050131000,266.130000,266.220000,0
20110401 050131000,266.130000,266.200000,0
20110401 050132000,266.030000,266.180000,0
20110401 050132000,266.050000,266.200000,0
20110401 050139000,266.010000,266.160000,0
20110401 050139000,266.000000,266.150000,0
20110401 050142000,266.010000,266.150000,0
20110401 050144000,266.040000,266.160000,0
20110401 050144000,266.050000,266.200000,0
20110401 050145000,266.060000,266.210000,0
20110401 050155000,266.080000,266.230000,0
20110401 050221000,266.100000,266.250000,0
20110401 050230000,266.170000,266.250000,0
20110401 050231000,266.180000,266.250000,0
20110401 050232000,266.150000,266.260000,0
20110401 050233000,266.150000,266.250000,0
20110401 050233000,266.100000,266.210000,0
20110401 050233000,266.100000,266.200000,0
20110401 050234000,266.170000,266.270000,0
20110401 050234000,266.180000,266.300000,0
20110401 050234000,266.200000,266.300000,0
20110401 050235000,266.120000,266.240000,0
20110401 050236000,266.220000,266.320000,0
20110401 050255000,266.170000,266.280000,0
20110401 050256000,266.170000,266.250000,0
20110401 050256000,266.110000,266.250000,0
20110401 050257000,266.100000,266.250000,0
20110401 050302000,266.200000,266.330000,0
20110401 050303000,266.220000,266.320000,0
20110401 050303000,266.230000,266.320000,0
20110401 050328000,266.280000,266.370000,0
20110401 050328000,266.230000,266.330000,0
20110401 050328000,266.230000,266.300000,0
20110401 050329000,266.190000,266.290000,0
20110401 050329000,266.190000,266.280000,0
20110401 050330000,266.140000,266.290000,0
20110401 050330000,266.130000,266.280000,0
20110401 050332000,266.180000,266.300000,0
20110401 050333000,266.210000,266.310000,0
20110401 050334000,266.210000,266.340000,0
20110401 050334000,266.240000,266.340000,0
20110401 050335000,266.250000,266.350000,0
20110401 050631000,266.260000,266.350000,0
20110401 050939000,266.280000,266.370000,0
20110401 050943000,266.300000,266.400000,0
20110401 050946000,266.280000,266.380000,0
20110401 050950000,266.260000,266.350000,0
20110401 050952000,266.280000,266.370000,0
20110401 051051000,266.260000,266.350000,0
20110401 051143000,266.280000,266.380000,0
20110401 051155000,266.290000,266.380000,0
20110401 051202000,266.300000,266.400000,0
20110401 051207000,266.290000,266.390000,0
20110401 051213000,266.300000,266.400000,0
20110401 051226000,266.310000,266.400000,0
20110401 051231000,266.350000,266.400000,0
20110401 051232000,266.350000,266.440000,0
20110401 051232000,266.360000,266.440000,0
20110401 051233000,266.360000,266.490000,0
20110401 051239000,266.360000,266.500000,0
20110401 051246000,266.340000,266.470000,0
20110401 051248000,266.340000,266.490000,0
20110401 051254000,266.310000,266.460000,0
20110401 051255000,266.310000,266.450000,0
20110401 051258000,266.320000,266.450000,0
20110401 051317000,266.310000,266.450000,0
20110401 051329000,266.320000,266.450000,0
20110401 051343000,266.320000,266.460000,0
20110401 051343000,266.340000,266.480000,0
20110401 051344000,266.340000,266.490000,0
20110401 051345000,266.390000,266.530000,0
20110401 051345000,266.420000,266.520000,0
20110401 051350000,266.410000,266.530000,0
20110401 051350000,266.340000,266.470000,0
20110401 051351000,266.320000,266.460000,0
20110401 051351000,266.220000,266.370000,0
20110401 051352000,266.190000,266.340000,0
20110401 051354000,266.180000,266.330000,0
20110401 051400000,266.190000,266.340000,0
20110401 051415000,266.340000,266.490000,0
20110401 051418000,266.300000,266.450000,0
20110401 051418000,266.310000,266.460000,0
20110401 051436000,266.320000,266.470000,0
20110401 051437000,266.330000,266.480000,0
20110401 051452000,266.350000,266.500000,0
20110401 051501000,266.310000,266.460000,0
20110401 051504000,266.320000,266.470000,0
20110401 051531000,266.310000,266.460000,0
20110401 051552000,266.340000,266.480000,0
20110401 051553000,266.330000,266.480000,0
20110401 051555000,266.330000,266.470000,0
20110401 051603000,266.300000,266.450000,0
20110401 051624000,266.330000,266.480000,0
20110401 051625000,266.330000,266.470000,0
20110401 051634000,266.300000,266.450000,0
20110401 051654000,266.330000,266.480000,0
20110401 051656000,266.330000,266.470000,0
20110401 051702000,266.340000,266.480000,0
20110401 051703000,266.320000,266.470000,0
20110401 051705000,266.330000,266.480000,0
20110401 051705000,266.340000,266.490000,0
20110401 051800000,266.340000,266.480000,0
20110401 051847000,266.330000,266.470000,0
20110401 051900000,266.330000,266.460000,0
20110401 051929000,266.310000,266.440000,0
20110401 051931000,266.320000,266.440000,0
20110401 051940000,266.330000,266.440000,0
20110401 051942000,266.340000,266.430000,0
20110401 051944000,266.350000,266.440000,0
20110401 052008000,266.330000,266.420000,0
20110401 052101000,266.350000,266.450000,0
20110401 052203000,266.300000,266.410000,0
20110401 052203000,266.300000,266.400000,0
20110401 052205000,266.340000,266.430000,0
20110401 052206000,266.350000,266.430000,0
20110401 052206000,266.350000,266.450000,0
20110401 052207000,266.300000,266.410000,0
20110401 052207000,266.300000,266.400000,0
20110401 052213000,266.360000,266.450000,0
20110401 052216000,266.410000,266.500000,0
20110401 052221000,266.360000,266.450000,0
20110401 052223000,266.300000,266.400000,0
20110401 052234000,266.340000,266.430000,0
20110401 052234000,266.350000,266.430000,0
20110401 052235000,266.350000,266.450000,0
20110401 052453000,266.320000,266.440000,0
20110401 052453000,266.320000,266.420000,0
20110401 052515000,266.300000,266.410000,0
20110401 052516000,266.300000,266.400000,0
20110401 053015000,266.330000,266.420000,0
20110401 053015000,266.300000,266.400000,0
20110401 053019000,266.330000,266.420000,0
20110401 053035000,266.300000,266.400000,0
20110401 053038000,266.330000,266.420000,0
20110401 053242000,266.300000,266.400000,0
20110401 053351000,266.270000,266.360000,0
20110401 053351000,266.270000,266.350000,0
20110401 053351000,266.190000,266.340000,0
20110401 053353000,266.180000,266.330000,0
20110401 053356000,266.140000,266.290000,0
20110401 053403000,266.110000,266.260000,0
20110401 053403000,266.200000,266.350000,0
20110401 053404000,266.250000,266.350000,0
20110401 053528000,266.220000,266.320000,0
20110401 053742000,266.220000,266.350000,0
20110401 053742000,266.250000,266.350000,0
20110401 053747000,266.220000,266.320000,0
20110401 053749000,266.230000,266.350000,0
20110401 053750000,266.250000,266.350000,0
20110401 053808000,266.250000,266.340000,0
20110401 053809000,266.220000,266.320000,0
20110401 053823000,266.290000,266.400000,0
20110401 053823000,266.320000,266.430000,0
20110401 053824000,266.280000,266.380000,0
20110401 053824000,266.280000,266.350000,0
20110401 053825000,266.260000,266.350000,0
20110401 053826000,266.250000,266.350000,0
20110401 053830000,266.220000,266.320000,0
20110401 053905000,266.220000,266.330000,0
20110401 053905000,266.220000,266.320000,0
20110401 053912000,266.220000,266.330000,0
20110401 053912000,266.220000,266.320000,0
20110401 053914000,266.200000,266.300000,0
20110401 053934000,266.230000,266.320000,0
20110401 054007000,266.250000,266.350000,0
20110401 054024000,266.220000,266.340000,0
20110401 054025000,266.220000,266.320000,0
20110401 054129000,266.200000,266.310000,0
20110401 054130000,266.200000,266.300000,0
20110401 054340000,266.200000,266.260000,0
20110401 054340000,266.090000,266.190000,0
20110401 054341000,266.040000,266.130000,0
20110401 054342000,266.000000,266.130000,0
20110401 054434000,266.000000,266.140000,0
20110401 054435000,266.040000,266.140000,0
20110401 055651000,266.040000,266.150000,0
20110401 055651000,266.040000,266.140000,0
20110401 060145000,266.040000,266.150000,0
20110401 060145000,266.050000,266.150000,0
20110401 060308000,266.050000,266.160000,0
20110401 060308000,266.050000,266.150000,0
20110401 060436000,266.050000,266.140000,0
20110401 060436000,266.030000,266.130000,0
20110401 061412000,266.020000,266.130000,0
20110401 061412000,266.020000,266.120000,0
20110401 061413000,266.030000,266.120000,0
20110401 061528000,266.000000,266.100000,0
20110401 061614000,266.000000,266.110000,0
20110401 061614000,266.000000,266.100000,0
20110401 061633000,266.000000,266.110000,0
20110401 061634000,266.000000,266.100000,0
20110401 061644000,266.000000,266.110000,0
20110401 061645000,266.000000,266.100000,0
20110401 061647000,266.000000,266.110000,0
20110401 061647000,266.010000,266.110000,0
20110401 061715000,266.010000,266.120000,0
20110401 061716000,266.010000,266.110000,0
20110401 061736000,266.010000,266.120000,0
20110401 061736000,266.010000,266.110000,0
20110401 061747000,266.010000,266.120000,0
20110401 061747000,266.010000,266.110000,0
20110401 061806000,266.010000,266.120000,0
20110401 061807000,266.010000,266.110000,0
20110401 061817000,266.010000,266.120000,0
20110401 061818000,266.010000,266.110000,0
20110401 061837000,266.010000,266.120000,0
20110401 061838000,266.010000,266.110000,0
20110401 061848000,266.010000,266.120000,0
20110401 061849000,266.010000,266.110000,0
20110401 061908000,266.010000,266.120000,0
20110401 061909000,266.010000,266.110000,0
20110401 061919000,266.010000,266.120000,0
20110401 061920000,266.010000,266.110000,0
20110401 061939000,266.010000,266.120000,0
20110401 061940000,266.020000,266.120000,0
20110401 061947000,266.050000,266.150000,0
20110401 061950000,266.060000,266.150000,0
20110401 061954000,266.080000,266.170000,0
20110401 062007000,266.080000,266.180000,0
20110401 062010000,266.080000,266.170000,0
20110401 062021000,266.080000,266.180000,0
20110401 062042000,266.080000,266.170000,0
20110401 062052000,266.080000,266.180000,0
20110401 062113000,266.080000,266.170000,0
20110401 062123000,266.080000,266.180000,0
20110401 062124000,266.070000,266.170000,0
20110401 062143000,266.070000,266.160000,0
20110401 062154000,266.070000,266.170000,0
20110401 062213000,266.080000,266.180000,0
20110401 062214000,266.080000,266.170000,0
20110401 062225000,266.080000,266.180000,0
20110401 062228000,266.070000,266.170000,0
20110401 062241000,266.080000,266.180000,0
20110401 062246000,266.080000,266.170000,0
20110401 062257000,266.080000,266.180000,0
20110401 062317000,266.080000,266.170000,0
20110401 062328000,266.080000,266.180000,0
20110401 062347000,266.080000,266.170000,0
20110401 062358000,266.080000,266.180000,0
20110401 062419000,266.080000,266.170000,0
20110401 062429000,266.080000,266.180000,0
20110401 062449000,266.080000,266.170000,0
20110401 062500000,266.080000,266.180000,0
20110401 062520000,266.080000,266.170000,0
20110401 062531000,266.080000,266.180000,0
20110401 062552000,266.080000,266.170000,0
20110401 062556000,266.100000,266.200000,0
20110401 062558000,266.100000,266.250000,0
20110401 062559000,266.100000,266.220000,0
20110401 062600000,266.100000,266.200000,0
20110401 062602000,266.100000,266.210000,0
20110401 062603000,266.100000,266.200000,0
20110401 062622000,266.100000,266.210000,0
20110401 062623000,266.100000,266.200000,0
20110401 062631000,266.060000,266.180000,0
20110401 062633000,266.050000,266.200000,0
20110401 062705000,266.060000,266.200000,0
20110401 062724000,266.050000,266.200000,0
20110401 062735000,266.060000,266.200000,0
20110401 062756000,266.050000,266.200000,0
20110401 062806000,266.060000,266.200000,0
20110401 062827000,266.050000,266.200000,0
20110401 062837000,266.060000,266.200000,0
20110401 062858000,266.050000,266.200000,0
20110401 062909000,266.060000,266.200000,0
20110401 062928000,266.050000,266.200000,0
20110401 062939000,266.060000,266.200000,0
20110401 062959000,266.050000,266.200000,0
20110401 063000000,266.050000,266.190000,0
20110401 063001000,266.050000,266.200000,0
20110401 063146000,266.040000,266.180000,0
20110401 063146000,266.040000,266.150000,0
20110401 063200000,266.040000,266.160000,0
20110401 063220000,266.050000,266.160000,0
20110401 063223000,266.070000,266.190000,0
20110401 063225000,266.060000,266.200000,0
20110401 063227000,266.050000,266.190000,0
20110401 063228000,266.050000,266.160000,0
20110401 063234000,266.040000,266.160000,0
20110401 063235000,266.040000,266.150000,0
20110401 063245000,266.050000,266.160000,0
20110401 063306000,266.040000,266.150000,0
20110401 063316000,266.050000,266.160000,0
20110401 063320000,266.050000,266.150000,0
20110401 063336000,266.050000,266.160000,0
20110401 063337000,266.050000,266.150000,0
20110401 063407000,266.050000,266.160000,0
20110401 063408000,266.050000,266.150000,0
20110401 063419000,266.050000,266.160000,0
20110401 063419000,266.050000,266.150000,0
20110401 063443000,266.060000,266.190000,0
20110401 063444000,266.050000,266.200000,0
20110401 063445000,266.050000,266.190000,0
20110401 063445000,266.050000,266.170000,0
20110401 063446000,266.070000,266.170000,0
20110401 063509000,266.070000,266.180000,0
20110401 063510000,266.070000,266.170000,0
20110401 063520000,266.070000,266.180000,0
20110401 063521000,266.070000,266.170000,0
20110401 063540000,266.070000,266.180000,0
20110401 063541000,266.070000,266.170000,0
20110401 063551000,266.070000,266.180000,0
20110401 063552000,266.070000,266.170000,0
20110401 063611000,266.070000,266.180000,0
20110401 063612000,266.070000,266.170000,0
20110401 063642000,266.070000,266.180000,0
20110401 063643000,266.070000,266.170000,0
20110401 063653000,266.070000,266.180000,0
20110401 063654000,266.070000,266.170000,0
20110401 063714000,266.070000,266.180000,0
20110401 063714000,266.070000,266.170000,0
20110401 063724000,266.070000,266.180000,0
20110401 063725000,266.070000,266.170000,0
20110401 063744000,266.070000,266.180000,0
20110401 063745000,266.070000,266.170000,0
20110401 063755000,266.070000,266.180000,0
20110401 063756000,266.070000,266.170000,0
20110401 063758000,266.060000,266.170000,0
20110401 063759000,266.060000,266.160000,0
20110401 063815000,266.060000,266.170000,0
20110401 063816000,266.060000,266.160000,0
20110401 063826000,266.060000,266.170000,0
20110401 063827000,266.060000,266.160000,0
20110401 063846000,266.060000,266.170000,0
20110401 063847000,266.060000,266.160000,0
20110401 063857000,266.060000,266.170000,0
20110401 063858000,266.060000,266.160000,0
20110401 063908000,266.090000,266.200000,0
20110401 063908000,266.100000,266.200000,0
20110401 063912000,266.110000,266.210000,0
20110401 063916000,266.080000,266.170000,0
20110401 063917000,266.070000,266.170000,0
20110401 063928000,266.070000,266.180000,0
20110401 063929000,266.070000,266.170000,0
20110401 063959000,266.070000,266.180000,0
20110401 064000000,266.070000,266.170000,0
20110401 064020000,266.070000,266.180000,0
20110401 064020000,266.070000,266.170000,0
20110401 064050000,266.100000,266.210000,0
20110401 064050000,266.110000,266.210000,0
20110401 064101000,266.110000,266.220000,0
20110401 064102000,266.110000,266.210000,0
20110401 064104000,266.120000,266.210000,0
20110401 064121000,266.110000,266.210000,0
20110401 064132000,266.140000,266.230000,0
20110401 064135000,266.160000,266.250000,0
20110401 064152000,266.130000,266.220000,0
20110401 064203000,266.130000,266.230000,0
20110401 064223000,266.130000,266.220000,0
20110401 064230000,266.150000,266.250000,0
20110401 064234000,266.160000,266.250000,0
20110401 064250000,266.180000,266.280000,0
20110401 064253000,266.200000,266.300000,0
20110401 064305000,266.210000,266.300000,0
20110401 064308000,266.230000,266.320000,0
20110401 064327000,266.180000,266.280000,0
20110401 064336000,266.190000,266.280000,0
20110401 064343000,266.200000,266.300000,0
20110401 064407000,266.210000,266.300000,0
20110401 064417000,266.230000,266.320000,0
20110401 064431000,266.250000,266.350000,0
20110401 064436000,266.230000,266.320000,0
20110401 064438000,266.180000,266.280000,0
20110401 064438000,266.190000,266.280000,0
20110401 064458000,266.180000,266.280000,0
20110401 064501000,266.200000,266.300000,0
20110401 064509000,266.210000,266.300000,0
20110401 064512000,266.230000,266.320000,0
20110401 064548000,266.260000,266.350000,0
20110401 064550000,266.250000,266.350000,0
20110401 064601000,266.260000,266.350000,0
20110401 064604000,266.290000,266.380000,0
20110401 064607000,266.260000,266.350000,0
20110401 064609000,266.280000,266.370000,0
20110401 064623000,266.270000,266.330000,0
20110401 064624000,266.230000,266.330000,0
20110401 064624000,266.210000,266.300000,0
20110401 064625000,266.290000,266.380000,0
20110401 064629000,266.240000,266.330000,0
20110401 064629000,266.240000,266.300000,0
20110401 064631000,266.200000,266.300000,0
20110401 064631000,266.200000,266.310000,0
20110401 064632000,266.210000,266.310000,0
20110401 064634000,266.260000,266.380000,0
20110401 064634000,266.270000,266.370000,0
20110401 064635000,266.280000,266.370000,0
20110401 064638000,266.190000,266.290000,0
20110401 064638000,266.190000,266.280000,0
20110401 064639000,266.210000,266.310000,0
20110401 064640000,266.180000,266.290000,0
20110401 064641000,266.180000,266.280000,0
20110401 064657000,266.200000,266.280000,0
20110401 064658000,266.200000,266.300000,0
20110401 064700000,266.240000,266.300000,0
20110401 064700000,266.250000,266.350000,0
20110401 064702000,266.260000,266.350000,0
20110401 064723000,266.250000,266.350000,0
20110401 064733000,266.260000,266.350000,0
20110401 064738000,266.280000,266.350000,0
20110401 064739000,266.280000,266.370000,0
20110401 064809000,266.310000,266.400000,0
20110401 064811000,266.330000,266.420000,0
20110401 064831000,266.280000,266.370000,0
20110401 064836000,266.280000,266.380000,0
20110401 064849000,266.300000,266.400000,0
20110401 064906000,266.310000,266.400000,0
20110401 064920000,266.330000,266.420000,0
20110401 064922000,266.310000,266.400000,0
20110401 064927000,266.300000,266.400000,0
20110401 064928000,266.330000,266.420000,0
20110401 064957000,266.280000,266.380000,0
20110401 064958000,266.280000,266.370000,0
20110401 065000000,266.300000,266.400000,0
20110401 065008000,266.310000,266.400000,0
20110401 065012000,266.330000,266.420000,0
20110401 065018000,266.350000,266.420000,0
20110401 065018000,266.350000,266.450000,0
20110401 065036000,266.320000,266.410000,0
20110401 065037000,266.320000,266.400000,0
20110401 065038000,266.300000,266.400000,0
20110401 065039000,266.300000,266.410000,0
20110401 065040000,266.300000,266.400000,0
20110401 065049000,266.320000,266.440000,0
20110401 065050000,266.310000,266.450000,0
20110401 065058000,266.380000,266.500000,0
20110401 065058000,266.400000,266.500000,0
20110401 065112000,266.420000,266.530000,0
20110401 065112000,266.430000,266.530000,0
20110401 065119000,266.480000,266.570000,0
20110401 065121000,266.520000,266.610000,0
20110401 065133000,266.490000,266.590000,0
20110401 065133000,266.490000,266.580000,0
20110401 065134000,266.460000,266.580000,0
20110401 065136000,266.500000,266.620000,0
20110401 065136000,266.510000,266.610000,0
20110401 065142000,266.510000,266.620000,0
20110401 065142000,266.520000,266.620000,0
20110401 065147000,266.540000,266.640000,0
20110401 065155000,266.570000,266.640000,0
20110401 065214000,266.610000,266.700000,0
20110401 065217000,266.630000,266.720000,0
20110401 065222000,266.580000,266.680000,0
20110401 065224000,266.610000,266.700000,0
20110401 065225000,266.580000,266.670000,0
20110401 065235000,266.620000,266.710000,0
20110401 065245000,266.640000,266.740000,0
20110401 065253000,266.650000,266.750000,0
20110401 065254000,266.630000,266.720000,0
20110401 065306000,266.620000,266.710000,0
20110401 065306000,266.620000,266.720000,0
20110401 065310000,266.630000,266.720000,0
20110401 065318000,266.650000,266.750000,0
20110401 065337000,266.660000,266.750000,0
20110401 065357000,266.650000,266.750000,0
20110401 065409000,266.660000,266.750000,0
20110401 065413000,266.650000,266.750000,0
20110401 065417000,266.640000,266.740000,0
20110401 065518000,266.640000,266.730000,0
20110401 065627000,266.640000,266.740000,0
20110401 065815000,266.620000,266.710000,0
20110401 065826000,266.560000,266.660000,0
20110401 065851000,266.600000,266.700000,0
20110401 065856000,266.550000,266.650000,0
20110401 065856000,266.530000,266.630000,0
20110401 065908000,266.580000,266.680000,0
20110401 065931000,266.610000,266.700000,0
20110401 065932000,266.600000,266.700000,0
20110401 065936000,266.640000,266.750000,0
20110401 065936000,266.650000,266.750000,0
20110401 070005000,266.640000,266.730000,0
20110401 070013000,266.650000,266.750000,0
20110401 070034000,266.690000,266.750000,0
20110401 070034000,266.700000,266.780000,0
20110401 070036000,266.700000,266.800000,0
20110401 070104000,266.690000,266.800000,0
20110401 070105000,266.690000,266.790000,0
20110401 070153000,266.620000,266.740000,0
20110401 070153000,266.620000,266.720000,0
20110401 070154000,266.630000,266.720000,0
20110401 070209000,266.700000,266.790000,0
20110401 070210000,266.690000,266.790000,0
20110401 070212000,266.620000,266.730000,0
20110401 070213000,266.620000,266.720000,0
20110401 070214000,266.630000,266.720000,0
20110401 070228000,266.680000,266.770000,0
20110401 070229000,266.690000,266.770000,0
20110401 070229000,266.690000,266.790000,0
20110401 070248000,266.670000,266.780000,0
20110401 070248000,266.670000,266.770000,0
20110401 070301000,266.650000,266.760000,0
20110401 070302000,266.650000,266.750000,0
20110401 070304000,266.650000,266.740000,0
20110401 070306000,266.610000,266.700000,0
20110401 070307000,266.600000,266.700000,0
20110401 070407000,266.600000,266.710000,0
20110401 070408000,266.600000,266.700000,0
20110401 070408000,266.600000,266.720000,0
20110401 070409000,266.620000,266.720000,0
20110401 070423000,266.600000,266.700000,0
20110401 070458000,266.630000,266.720000,0
20110401 070500000,266.620000,266.720000,0
20110401 070648000,266.670000,266.770000,0
20110401 070649000,266.680000,266.770000,0
20110401 070651000,266.700000,266.790000,0
20110401 070747000,266.660000,266.760000,0
20110401 070747000,266.650000,266.740000,0
20110401 070748000,266.640000,266.740000,0
20110401 070801000,266.640000,266.750000,0
20110401 070801000,266.640000,266.740000,0
20110401 070807000,266.650000,266.760000,0
20110401 070808000,266.650000,266.750000,0
20110401 070820000,266.650000,266.760000,0
20110401 070821000,266.660000,266.760000,0
20110401 070832000,266.650000,266.750000,0
20110401 070833000,266.660000,266.750000,0
20110401 070852000,266.660000,266.760000,0
20110401 070902000,266.650000,266.760000,0
20110401 070903000,266.650000,266.750000,0
20110401 070904000,266.660000,266.750000,0
20110401 070922000,266.660000,266.760000,0
20110401 070931000,266.640000,266.750000,0
20110401 070932000,266.640000,266.740000,0
20110401 070933000,266.650000,266.740000,0
20110401 070933000,266.640000,266.740000,0
20110401 070953000,266.650000,266.740000,0
20110401 071004000,266.640000,266.740000,0
20110401 071024000,266.650000,266.740000,0
20110401 071035000,266.640000,266.740000,0
20110401 071055000,266.650000,266.740000,0
20110401 071106000,266.640000,266.740000,0
20110401 071127000,266.650000,266.740000,0
20110401 071137000,266.640000,266.740000,0
20110401 071157000,266.650000,266.740000,0
20110401 071208000,266.640000,266.740000,0
20110401 071239000,266.640000,266.730000,0
20110401 071244000,266.620000,266.710000,0
20110401 071310000,266.610000,266.710000,0
20110401 071331000,266.620000,266.710000,0
20110401 071342000,266.610000,266.710000,0
20110401 071402000,266.620000,266.710000,0
20110401 071412000,266.610000,266.710000,0
20110401 071432000,266.620000,266.710000,0
20110401 071443000,266.610000,266.710000,0
20110401 071503000,266.620000,266.710000,0
20110401 071514000,266.610000,266.710000,0
20110401 071534000,266.620000,266.710000,0
20110401 071545000,266.610000,266.710000,0
20110401 071605000,266.620000,266.710000,0
20110401 071616000,266.610000,266.710000,0
20110401 071636000,266.620000,266.710000,0
20110401 071647000,266.610000,266.710000,0
20110401 071708000,266.620000,266.710000,0
20110401 071717000,266.600000,266.700000,0
20110401 071718000,266.600000,266.690000,0
20110401 071723000,266.580000,266.670000,0
20110401 071733000,266.570000,266.670000,0
20110401 071739000,266.580000,266.670000,0
20110401 071749000,266.570000,266.670000,0
20110401 071800000,266.570000,266.650000,0
20110401 071800000,266.430000,266.520000,0
20110401 071818000,266.400000,266.500000,0
20110401 071818000,266.410000,266.510000,0
20110401 071818000,266.420000,266.510000,0
20110401 071819000,266.420000,266.520000,0
20110401 071819000,266.450000,266.600000,0
20110401 071823000,266.400000,266.500000,0
20110401 071851000,266.390000,266.500000,0
20110401 071852000,266.390000,266.490000,0
20110401 071912000,266.390000,266.500000,0
20110401 071912000,266.400000,266.500000,0
20110401 071923000,266.390000,266.500000,0
20110401 071923000,266.390000,266.490000,0
20110401 071942000,266.390000,266.500000,0
20110401 071943000,266.400000,266.500000,0
20110401 071948000,266.360000,266.480000,0
20110401 071949000,266.340000,266.470000,0
20110401 071949000,266.330000,266.460000,0
20110401 071950000,266.290000,266.440000,0
20110401 071950000,266.280000,266.430000,0
20110401 071953000,266.270000,266.420000,0
20110401 071955000,266.280000,266.430000,0
20110401 072024000,266.270000,266.420000,0
20110401 072026000,266.320000,266.470000,0
20110401 072044000,266.330000,266.480000,0
20110401 072055000,266.320000,266.470000,0
20110401 072115000,266.330000,266.480000,0
20110401 072127000,266.320000,266.470000,0
20110401 072128000,266.330000,266.480000,0
20110401 072534000,266.360000,266.510000,0
20110401 072534000,266.370000,266.520000,0
20110401 072534000,266.380000,266.530000,0
20110401 072535000,266.400000,266.550000,0
20110401 072537000,266.430000,266.580000,0
20110401 072605000,266.420000,266.570000,0
20110401 072625000,266.430000,266.580000,0
20110401 072630000,266.350000,266.500000,0
20110401 072728000,266.360000,266.510000,0
20110401 072729000,266.350000,266.500000,0
20110401 073339000,266.370000,266.520000,0
20110401 073342000,266.430000,266.580000,0
20110401 073350000,266.420000,266.570000,0
20110401 073352000,266.430000,266.580000,0
20110401 073421000,266.420000,266.570000,0
20110401 073441000,266.430000,266.580000,0
20110401 073452000,266.420000,266.570000,0
20110401 073459000,266.350000,266.500000,0
20110401 073612000,266.260000,266.410000,0
20110401 073613000,266.250000,266.400000,0
20110401 073628000,266.250000,266.390000,0
20110401 073645000,266.260000,266.390000,0
20110401 073647000,266.270000,266.390000,0
20110401 073656000,266.260000,266.380000,0
20110401 073717000,266.270000,266.380000,0
20110401 073718000,266.280000,266.370000,0
20110401 073727000,266.270000,266.370000,0
20110401 073747000,266.280000,266.370000,0
20110401 073758000,266.270000,266.370000,0
20110401 073818000,266.280000,266.370000,0
20110401 073824000,266.260000,266.350000,0
20110401 073825000,266.200000,266.350000,0
20110401 073829000,266.220000,266.360000,0
20110401 073830000,266.230000,266.360000,0
20110401 073840000,266.230000,266.350000,0
20110401 073846000,266.200000,266.340000,0
20110401 073850000,266.230000,266.380000,0
20110401 073851000,266.330000,266.480000,0
20110401 073855000,266.360000,266.510000,0
20110401 073855000,266.370000,266.520000,0
20110401 073856000,266.380000,266.530000,0
20110401 073901000,266.370000,266.520000,0
20110401 073901000,266.420000,266.570000,0
20110401 073903000,266.430000,266.580000,0
20110401 073912000,266.340000,266.490000,0
20110401 073913000,266.300000,266.450000,0
20110401 073932000,266.290000,266.440000,0
20110401 073951000,266.300000,266.450000,0
20110401 074001000,266.290000,266.440000,0
20110401 074002000,266.280000,266.420000,0
20110401 074002000,266.270000,266.420000,0
20110401 074003000,266.270000,266.410000,0
20110401 074022000,266.300000,266.450000,0
20110401 074034000,266.300000,266.440000,0
20110401 074053000,266.300000,266.450000,0
20110401 074104000,266.300000,266.440000,0
20110401 074107000,266.290000,266.420000,0
20110401 074107000,266.280000,266.410000,0
20110401 074140000,266.280000,266.400000,0
20110401 074155000,266.310000,266.440000,0
20110401 074157000,266.300000,266.450000,0
20110401 074206000,266.300000,266.440000,0
20110401 074226000,266.300000,266.450000,0
20110401 074237000,266.300000,266.440000,0
20110401 074257000,266.300000,266.450000,0
20110401 074308000,266.300000,266.440000,0
20110401 074328000,266.300000,266.450000,0
20110401 074340000,266.300000,266.440000,0
20110401 074359000,266.300000,266.450000,0
20110401 074401000,266.280000,266.420000,0
20110401 074403000,266.280000,266.430000,0
20110401 074410000,266.270000,266.420000,0
20110401 074411000,266.280000,266.430000,0
20110401 074412000,266.290000,266.440000,0
20110401 074413000,266.300000,266.440000,0
20110401 074431000,266.300000,266.450000,0
20110401 074442000,266.300000,266.440000,0
20110401 074501000,266.300000,266.450000,0
20110401 074512000,266.300000,266.440000,0
20110401 074532000,266.300000,266.450000,0
20110401 074543000,266.300000,266.440000,0
20110401 074603000,266.300000,266.450000,0
20110401 074614000,266.300000,266.440000,0
20110401 074635000,266.300000,266.450000,0
20110401 074645000,266.300000,266.440000,0
20110401 074705000,266.300000,266.450000,0
20110401 074716000,266.300000,266.440000,0
20110401 074736000,266.300000,266.450000,0
20110401 074748000,266.300000,266.440000,0
20110401 074807000,266.300000,266.450000,0
20110401 074818000,266.300000,266.440000,0
20110401 074838000,266.300000,266.450000,0
20110401 074850000,266.300000,266.440000,0
20110401 074909000,266.300000,266.450000,0
20110401 074920000,266.300000,266.440000,0
20110401 074940000,266.300000,266.450000,0
20110401 074945000,266.330000,266.460000,0
20110401 074946000,266.340000,266.450000,0
20110401 074951000,266.340000,266.460000,0
20110401 074952000,266.340000,266.450000,0
20110401 075012000,266.340000,266.460000,0
20110401 075012000,266.340000,266.450000,0
20110401 075029000,266.340000,266.430000,0
20110401 075029000,266.310000,266.430000,0
20110401 075030000,266.300000,266.440000,0
20110401 075042000,266.300000,266.450000,0
20110401 075053000,266.300000,266.440000,0
20110401 075113000,266.300000,266.450000,0
20110401 075124000,266.300000,266.440000,0
20110401 075134000,266.300000,266.420000,0
20110401 075134000,266.300000,266.400000,0
20110401 075140000,266.290000,266.400000,0
20110401 075200000,266.290000,266.390000,0
20110401 075215000,266.290000,266.400000,0
20110401 075216000,266.300000,266.400000,0
20110401 075227000,266.290000,266.390000,0
20110401 075246000,266.290000,266.400000,0
20110401 075247000,266.300000,266.400000,0
20110401 075257000,266.290000,266.400000,0
20110401 075258000,266.290000,266.390000,0
20110401 075309000,266.260000,266.380000,0
20110401 075309000,266.250000,266.390000,0
20110401 075317000,266.250000,266.400000,0
20110401 075328000,266.250000,266.390000,0
20110401 075348000,266.250000,266.400000,0
20110401 075359000,266.250000,266.390000,0
20110401 075419000,266.250000,266.400000,0
20110401 075430000,266.250000,266.390000,0
20110401 075451000,266.280000,266.400000,0
20110401 075451000,266.300000,266.400000,0
20110401 075458000,266.180000,266.330000,0
20110401 075459000,266.160000,266.310000,0
20110401 075500000,266.170000,266.280000,0
20110401 075500000,266.170000,266.270000,0
20110401 075500000,266.230000,266.330000,0
20110401 075501000,266.270000,266.370000,0
20110401 075502000,266.250000,266.390000,0
20110401 075506000,266.240000,266.390000,0
20110401 075506000,266.200000,266.300000,0
20110401 075509000,266.200000,266.310000,0
20110401 075510000,266.220000,266.320000,0
20110401 075521000,266.200000,266.310000,0
20110401 075521000,266.200000,266.300000,0
20110401 075527000,266.200000,266.310000,0
20110401 075527000,266.210000,266.310000,0
20110401 075533000,266.200000,266.310000,0
20110401 075533000,266.200000,266.300000,0
20110401 075536000,266.190000,266.290000,0
20110401 075553000,266.190000,266.300000,0
20110401 075553000,266.200000,266.300000,0
20110401 075604000,266.190000,266.300000,0
20110401 075604000,266.190000,266.290000,0
20110401 075623000,266.210000,266.330000,0
20110401 075624000,266.230000,266.350000,0
20110401 075624000,266.230000,266.380000,0
20110401 075634000,266.220000,266.370000,0
20110401 075654000,266.230000,266.380000,0
20110401 075705000,266.220000,266.370000,0
20110401 075707000,266.230000,266.380000,0
20110401 075744000,266.240000,266.390000,0
20110401 075840000,266.230000,266.380000,0
20110401 075858000,266.240000,266.390000,0
20110401 075912000,266.230000,266.380000,0
20110401 075929000,266.240000,266.390000,0
20110401 075942000,266.230000,266.380000,0
20110401 080000000,266.240000,266.390000,0
20110401 080013000,266.230000,266.380000,0
20110401 080031000,266.240000,266.390000,0
20110401 080036000,266.250000,266.400000,0
20110401 080043000,266.250000,266.390000,0
20110401 080103000,266.250000,266.400000,0
20110401 080114000,266.250000,266.390000,0
20110401 080121000,266.250000,266.370000,0
20110401 080121000,266.250000,266.350000,0
20110401 080145000,266.240000,266.340000,0
20110401 080153000,266.200000,266.310000,0
20110401 080153000,266.200000,266.300000,0
20110401 080215000,266.190000,266.300000,0
20110401 080216000,266.190000,266.290000,0
20110401 080216000,266.200000,266.290000,0
20110401 080225000,266.200000,266.300000,0
20110401 080235000,266.200000,266.290000,0
20110401 080255000,266.200000,266.300000,0
20110401 080307000,266.200000,266.290000,0
20110401 080327000,266.200000,266.300000,0
20110401 080338000,266.200000,266.290000,0
20110401 080358000,266.200000,266.300000,0
20110401 080408000,266.200000,266.290000,0
20110401 080429000,266.200000,266.300000,0
20110401 080436000,266.210000,266.310000,0
20110401 080440000,266.210000,266.300000,0
20110401 080500000,266.210000,266.310000,0
20110401 080510000,266.210000,266.300000,0
20110401 080530000,266.210000,266.310000,0
20110401 080541000,266.210000,266.300000,0
20110401 080601000,266.210000,266.310000,0
20110401 080612000,266.210000,266.300000,0
20110401 080632000,266.210000,266.310000,0
20110401 080644000,266.210000,266.300000,0
20110401 080650000,266.300000,266.400000,0
20110401 080715000,266.330000,266.420000,0
20110401 081217000,266.320000,266.420000,0
20110401 081335000,266.320000,266.400000,0
20110401 081335000,266.300000,266.400000,0
20110401 081356000,266.280000,266.370000,0
20110401 081417000,266.250000,266.340000,0
20110401 081421000,266.210000,266.300000,0
20110401 081426000,266.210000,266.310000,0
20110401 081448000,266.210000,266.280000,0
20110401 081449000,266.150000,266.250000,0
20110401 081457000,266.130000,266.220000,0
20110401 081459000,266.080000,266.170000,0
20110401 081504000,266.100000,266.200000,0
20110401 081504000,266.130000,266.220000,0
20110401 081504000,266.130000,266.230000,0
20110401 081505000,266.150000,266.250000,0
20110401 081609000,266.140000,266.260000,0
20110401 081709000,266.170000,266.280000,0
20110401 081914000,266.140000,266.260000,0
20110401 081915000,266.150000,266.250000,0
20110401 082031000,266.140000,266.220000,0
20110401 082031000,266.130000,266.220000,0
20110401 082351000,266.150000,266.250000,0
20110401 082352000,266.140000,266.260000,0
20110401 082547000,266.140000,266.230000,0
20110401 082547000,266.010000,266.160000,0
20110401 082548000,266.030000,266.120000,0
20110401 082558000,266.050000,266.150000,0
20110401 082743000,266.090000,266.180000,0
20110401 082744000,266.100000,266.250000,0
20110401 082921000,266.080000,266.230000,0
20110401 082922000,266.080000,266.220000,0
20110401 082927000,266.100000,266.250000,0
20110401 083034000,266.130000,266.250000,0
20110401 083042000,266.030000,266.080000,0
20110401 083042000,266.010000,266.060000,0
20110401 083045000,265.990000,266.040000,0
20110401 083049000,266.000000,266.050000,0
20110401 083049000,265.890000,266.010000,0
20110401 083225000,265.920000,266.010000,0
20110401 083227000,265.930000,266.010000,0
20110401 083240000,265.900000,266.000000,0
20110401 083240000,265.890000,265.970000,0
20110401 083241000,265.900000,266.000000,0
20110401 083251000,265.890000,265.970000,0
20110401 083359000,265.900000,266.000000,0
20110401 083359000,265.890000,265.950000,0
20110401 083405000,265.850000,265.920000,0
20110401 083406000,265.880000,265.970000,0
20110401 083421000,265.910000,266.010000,0
20110401 083422000,265.920000,266.020000,0
20110401 083422000,265.930000,266.080000,0
20110401 083423000,265.990000,266.140000,0
20110401 083423000,266.000000,266.150000,0
20110401 083428000,265.990000,266.140000,0
20110401 083429000,265.980000,266.130000,0
20110401 083441000,265.910000,266.060000,0
20110401 083442000,265.900000,266.050000,0
20110401 083512000,265.890000,266.040000,0
20110401 083513000,265.900000,266.050000,0
20110401 083553000,265.920000,266.070000,0
20110401 083608000,265.940000,266.040000,0
20110401 083654000,265.990000,266.090000,0
20110401 083655000,265.970000,266.110000,0
20110401 083656000,265.920000,266.070000,0
20110401 084012000,265.940000,266.090000,0
20110401 084155000,265.930000,266.080000,0
20110401 084238000,265.930000,266.070000,0
20110401 084352000,265.880000,266.030000,0
20110401 084352000,265.880000,266.020000,0
20110401 084353000,265.930000,266.080000,0
20110401 084354000,265.990000,266.110000,0
20110401 084355000,266.000000,266.100000,0
20110401 084358000,265.960000,266.060000,0
20110401 084358000,265.950000,266.050000,0
20110401 084358000,265.940000,266.060000,0
20110401 084401000,265.890000,266.010000,0
20110401 084403000,265.900000,266.000000,0
20110401 084434000,265.930000,266.020000,0
20110401 084442000,265.900000,266.000000,0
20110401 084448000,265.880000,265.970000,0
20110401 084546000,265.880000,265.950000,0
20110401 084554000,265.830000,265.920000,0
20110401 084742000,265.880000,265.970000,0
20110401 084750000,265.830000,265.920000,0
20110401 084803000,265.900000,266.000000,0
20110401 084845000,265.880000,265.970000,0
20110401 084930000,265.830000,265.920000,0
20110401 085033000,265.800000,265.900000,0
20110401 085037000,265.780000,265.870000,0
20110401 085107000,265.800000,265.900000,0
20110401 085202000,265.840000,265.930000,0
20110401 085202000,265.850000,265.930000,0
20110401 085202000,265.860000,265.960000,0
20110401 085203000,265.850000,265.980000,0
20110401 085206000,265.800000,265.920000,0
20110401 085207000,265.800000,265.900000,0
20110401 085211000,265.820000,265.930000,0
20110401 085211000,265.820000,265.920000,0
20110401 085213000,265.830000,265.920000,0
20110401 085224000,265.880000,265.970000,0
20110401 085237000,265.890000,265.990000,0
20110401 085240000,265.890000,266.000000,0
20110401 085240000,265.920000,266.030000,0
20110401 085242000,265.900000,266.050000,0
20110401 085349000,265.900000,266.020000,0
20110401 085349000,265.900000,266.000000,0
20110401 085353000,265.900000,266.050000,0
20110401 085410000,265.950000,266.050000,0
20110401 085521000,265.930000,266.080000,0
20110401 085525000,265.950000,266.050000,0
20110401 085554000,265.920000,266.020000,0
20110401 085558000,265.900000,266.010000,0
20110401 085559000,265.900000,266.000000,0
20110401 085644000,265.880000,265.980000,0
20110401 085644000,265.870000,265.970000,0
20110401 085652000,265.850000,265.950000,0
20110401 085704000,265.860000,265.980000,0
20110401 085704000,265.870000,265.970000,0
20110401 085714000,265.850000,265.960000,0
20110401 085714000,265.850000,265.950000,0
20110401 085734000,265.880000,265.970000,0
20110401 085737000,265.830000,265.920000,0
20110401 085740000,265.800000,265.900000,0
20110401 085759000,265.830000,265.920000,0
20110401 085832000,265.820000,265.900000,0
20110401 085833000,265.780000,265.870000,0
20110401 085837000,265.800000,265.900000,0
20110401 085914000,265.830000,265.920000,0
20110401 085935000,265.810000,265.900000,0
20110401 085935000,265.800000,265.900000,0
20110401 090017000,265.750000,265.860000,0
20110401 090018000,265.750000,265.850000,0
20110401 090122000,265.760000,265.850000,0
20110401 090157000,265.800000,265.900000,0
20110401 090209000,265.760000,265.850000,0
20110401 090229000,265.780000,265.870000,0
20110401 090247000,265.830000,265.920000,0
20110401 090253000,265.800000,265.900000,0
20110401 090254000,265.800000,265.880000,0
20110401 090254000,265.780000,265.880000,0
20110401 090301000,265.830000,265.920000,0
20110401 090311000,265.850000,265.950000,0
20110401 090311000,265.810000,265.900000,0
20110401 090313000,265.800000,265.900000,0
20110401 090316000,265.780000,265.890000,0
20110401 090316000,265.780000,265.880000,0
20110401 090321000,265.790000,265.900000,0
20110401 090321000,265.800000,265.900000,0
20110401 090403000,265.800000,265.890000,0
20110401 090422000,265.800000,265.900000,0
20110401 090433000,265.800000,265.890000,0
20110401 090441000,265.820000,265.910000,0
20110401 090446000,265.770000,265.870000,0
20110401 090447000,265.780000,265.880000,0
20110401 090450000,265.790000,265.890000,0
20110401 090453000,265.800000,265.890000,0
20110401 090504000,265.790000,265.890000,0
20110401 090524000,265.800000,265.890000,0
20110401 090535000,265.790000,265.890000,0
20110401 090543000,265.770000,265.870000,0
20110401 090546000,265.790000,265.890000,0
20110401 090550000,265.800000,265.890000,0
20110401 090556000,265.810000,265.910000,0
20110401 090558000,265.820000,265.920000,0
20110401 090600000,265.810000,265.910000,0
20110401 090603000,265.800000,265.900000,0
20110401 090604000,265.810000,265.900000,0
20110401 090607000,265.800000,265.880000,0
20110401 090608000,265.770000,265.870000,0
20110401 090610000,265.790000,265.890000,0
20110401 090618000,265.770000,265.870000,0
20110401 090622000,265.750000,265.850000,0
20110401 090626000,265.800000,265.900000,0
20110401 090626000,265.830000,265.920000,0
20110401 090629000,265.780000,265.880000,0
20110401 090629000,265.780000,265.870000,0
20110401 090631000,265.770000,265.850000,0
20110401 090632000,265.750000,265.850000,0
20110401 090637000,265.750000,265.840000,0
20110401 090649000,265.720000,265.810000,0
20110401 090650000,265.730000,265.820000,0
20110401 090702000,265.700000,265.800000,0
20110401 090708000,265.700000,265.790000,0
20110401 090728000,265.700000,265.800000,0
20110401 090736000,265.730000,265.820000,0
20110401 090740000,265.720000,265.820000,0
20110401 090800000,265.730000,265.820000,0
20110401 090811000,265.720000,265.820000,0
20110401 090830000,265.730000,265.820000,0
20110401 090841000,265.720000,265.820000,0
20110401 090848000,265.700000,265.790000,0
20110401 090901000,265.700000,265.800000,0
20110401 090912000,265.700000,265.790000,0
20110401 090932000,265.700000,265.800000,0
20110401 090943000,265.700000,265.790000,0
20110401 091004000,265.700000,265.800000,0
20110401 091014000,265.700000,265.790000,0
20110401 091034000,265.700000,265.800000,0
20110401 091045000,265.700000,265.790000,0
20110401 091053000,265.680000,265.770000,0
20110401 091056000,265.630000,265.730000,0
20110401 091102000,265.610000,265.700000,0
20110401 091117000,265.600000,265.700000,0
20110401 091120000,265.600000,265.690000,0
20110401 091131000,265.590000,265.690000,0
20110401 091148000,265.590000,265.680000,0
20110401 091159000,265.590000,265.690000,0
20110401 091202000,265.590000,265.680000,0
20110401 091204000,265.590000,265.690000,0
20110401 091205000,265.630000,265.730000,0
20110401 091205000,265.650000,265.750000,0
20110401 091249000,265.670000,265.780000,0
20110401 091249000,265.670000,265.770000,0
20110401 091335000,265.650000,265.760000,0
20110401 091336000,265.650000,265.750000,0
20110401 091344000,265.620000,265.740000,0
20110401 091344000,265.620000,265.720000,0
20110401 091353000,265.620000,265.710000,0
20110401 091353000,265.600000,265.710000,0
20110401 091354000,265.600000,265.700000,0
20110401 091432000,265.600000,265.710000,0
20110401 091433000,265.600000,265.700000,0
20110401 091549000,265.620000,265.700000,0
20110401 091549000,265.620000,265.720000,0
20110401 091655000,265.640000,265.750000,0
20110401 091655000,265.650000,265.750000,0
20110401 091801000,265.620000,265.740000,0
20110401 091801000,265.620000,265.720000,0
20110401 091829000,265.600000,265.710000,0
20110401 091829000,265.600000,265.700000,0
20110401 092001000,265.630000,265.720000,0
20110401 092004000,265.620000,265.720000,0
20110401 092009000,265.600000,265.700000,0
20110401 092011000,265.630000,265.720000,0
20110401 092132000,265.610000,265.710000,0
20110401 092138000,265.620000,265.730000,0
20110401 092139000,265.620000,265.720000,0
20110401 092140000,265.630000,265.720000,0
20110401 092254000,265.650000,265.750000,0
20110401 092254000,265.630000,265.720000,0
20110401 092319000,265.650000,265.750000,0
20110401 092338000,265.660000,265.780000,0
20110401 092338000,265.670000,265.770000,0
20110401 092345000,265.670000,265.790000,0
20110401 092346000,265.690000,265.790000,0
20110401 092511000,265.690000,265.800000,0
20110401 092512000,265.700000,265.800000,0
20110401 092619000,265.640000,265.750000,0
20110401 092619000,265.640000,265.740000,0
20110401 092643000,265.690000,265.790000,0
20110401 093105000,265.690000,265.780000,0
20110401 093254000,265.670000,265.760000,0
20110401 093332000,265.660000,265.760000,0
20110401 093707000,265.620000,265.720000,0
20110401 093806000,265.610000,265.700000,0
20110401 093808000,265.600000,265.700000,0
20110401 094004000,265.620000,265.720000,0
20110401 094053000,265.600000,265.700000,0
20110401 094109000,265.590000,265.690000,0
20110401 094125000,265.620000,265.720000,0
20110401 094349000,265.630000,265.730000,0
20110401 094409000,265.650000,265.740000,0
20110401 094449000,265.640000,265.730000,0
20110401 094451000,265.650000,265.740000,0
20110401 094454000,265.640000,265.730000,0
20110401 094455000,265.650000,265.740000,0
20110401 094456000,265.660000,265.740000,0
20110401 094457000,265.660000,265.750000,0
20110401 094503000,265.660000,265.760000,0
20110401 094505000,265.690000,265.780000,0
20110401 094515000,265.720000,265.810000,0
20110401 094515000,265.730000,265.830000,0
20110401 094516000,265.740000,265.830000,0
20110401 094517000,265.720000,265.850000,0
20110401 094519000,265.740000,265.850000,0
20110401 094519000,265.750000,265.850000,0
20110401 094538000,265.740000,265.850000,0
20110401 094538000,265.740000,265.840000,0
20110401 094618000,265.740000,265.850000,0
20110401 094618000,265.750000,265.850000,0
20110401 094619000,265.750000,265.860000,0
20110401 094619000,265.750000,265.850000,0
20110401 094620000,265.740000,265.840000,0
20110401 094620000,265.720000,265.830000,0
20110401 094621000,265.720000,265.820000,0
20110401 094622000,265.740000,265.840000,0
20110401 094627000,265.740000,265.810000,0
20110401 094627000,265.700000,265.800000,0
20110401 094628000,265.750000,265.840000,0
20110401 094630000,265.740000,265.840000,0
20110401 094842000,265.740000,265.830000,0
20110401 094842000,265.700000,265.820000,0
20110401 094844000,265.680000,265.830000,0
20110401 094846000,265.700000,265.840000,0
20110401 094924000,265.720000,265.850000,0
20110401 094925000,265.860000,266.010000,0
20110401 094926000,265.870000,265.980000,0
20110401 094930000,265.890000,266.000000,0
20110401 094930000,265.900000,266.000000,0
20110401 094954000,265.920000,266.020000,0
20110401 094956000,265.900000,265.990000,0
20110401 094956000,265.880000,265.980000,0
20110401 094957000,265.880000,265.970000,0
20110401 094957000,265.870000,265.970000,0
20110401 094957000,265.770000,265.920000,0
20110401 095028000,265.820000,265.970000,0
20110401 095125000,265.810000,265.960000,0
20110401 095125000,265.800000,265.950000,0
20110401 095129000,265.800000,265.940000,0
20110401 095129000,265.800000,265.920000,0
20110401 095133000,265.800000,265.900000,0
20110401 095139000,265.780000,265.900000,0
20110401 095139000,265.780000,265.880000,0
20110401 095145000,265.810000,265.950000,0
20110401 095145000,265.840000,265.980000,0
20110401 095145000,265.850000,265.990000,0
20110401 095146000,265.850000,266.000000,0
20110401 095154000,265.810000,265.960000,0
20110401 095314000,265.800000,265.920000,0
20110401 095315000,265.760000,265.910000,0
20110401 095510000,265.740000,265.890000,0
20110401 095512000,265.750000,265.900000,0
20110401 095536000,265.760000,265.910000,0
20110401 095541000,265.800000,265.950000,0
20110401 095640000,265.810000,265.960000,0
20110401 095645000,265.800000,265.950000,0
20110401 095732000,265.750000,265.900000,0
20110401 095800000,265.760000,265.890000,0
20110401 095811000,265.810000,265.940000,0
20110401 095812000,265.830000,265.920000,0
20110401 095814000,265.780000,265.870000,0
20110401 095815000,265.770000,265.880000,0
20110401 095840000,265.770000,265.870000,0
20110401 095930000,265.770000,265.880000,0
20110401 095957000,265.750000,265.900000,0
20110401 100001000,265.770000,265.880000,0
20110401 100004000,265.750000,265.900000,0
20110401 100007000,265.770000,265.880000,0
20110401 100032000,265.770000,265.870000,0
20110401 100052000,265.770000,265.880000,0
20110401 100052000,265.730000,265.840000,0
20110401 100053000,265.720000,265.830000,0
20110401 100053000,265.700000,265.850000,0
20110401 100144000,265.750000,265.870000,0
20110401 100144000,265.750000,265.900000,0
20110401 100321000,265.700000,265.850000,0
20110401 100337000,265.740000,265.870000,0
20110401 100337000,265.750000,265.900000,0
20110401 100340000,265.760000,265.890000,0
20110401 100405000,265.710000,265.850000,0
20110401 100405000,265.710000,265.840000,0
20110401 100406000,265.710000,265.860000,0
20110401 100409000,265.740000,265.890000,0
20110401 100409000,265.760000,265.910000,0
20110401 100409000,265.750000,265.900000,0
20110401 100424000,265.780000,265.930000,0
20110401 100424000,265.800000,265.940000,0
20110401 100436000,265.800000,265.950000,0
20110401 100436000,265.760000,265.910000,0
20110401 100436000,265.750000,265.900000,0
20110401 100445000,265.790000,265.940000,0
20110401 100445000,265.800000,265.950000,0
20110401 100447000,265.800000,265.940000,0
20110401 100455000,265.800000,265.950000,0
20110401 100518000,265.800000,265.940000,0
20110401 100522000,265.740000,265.870000,0
20110401 100523000,265.740000,265.850000,0
20110401 100550000,265.750000,265.840000,0
20110401 100608000,265.750000,265.850000,0
20110401 100616000,265.750000,265.810000,0
20110401 100617000,265.700000,265.800000,0
20110401 100619000,265.690000,265.800000,0
20110401 100620000,265.690000,265.790000,0
20110401 100640000,265.700000,265.800000,0
20110401 100651000,265.690000,265.790000,0
20110401 100711000,265.700000,265.800000,0
20110401 100714000,265.690000,265.810000,0
20110401 100715000,265.700000,265.800000,0
20110401 100722000,265.690000,265.790000,0
20110401 100741000,265.690000,265.800000,0
20110401 100742000,265.700000,265.800000,0
20110401 100752000,265.690000,265.800000,0
20110401 100753000,265.690000,265.790000,0
20110401 100812000,265.690000,265.800000,0
20110401 100813000,265.700000,265.800000,0
20110401 100824000,265.690000,265.790000,0
20110401 100844000,265.690000,265.800000,0
20110401 100844000,265.700000,265.800000,0
20110401 100854000,265.690000,265.800000,0
20110401 100855000,265.690000,265.790000,0
20110401 100904000,265.670000,265.790000,0
20110401 100905000,265.670000,265.770000,0
20110401 100915000,265.670000,265.780000,0
20110401 100915000,265.670000,265.770000,0
20110401 100946000,265.670000,265.760000,0
20110401 101005000,265.670000,265.770000,0
20110401 101017000,265.670000,265.760000,0
20110401 101036000,265.670000,265.770000,0
20110401 101047000,265.670000,265.760000,0
20110401 101107000,265.670000,265.770000,0
20110401 101119000,265.670000,265.760000,0
20110401 101129000,265.630000,265.720000,0
20110401 101138000,265.620000,265.710000,0
20110401 101145000,265.600000,265.700000,0
20110401 101150000,265.600000,265.690000,0
20110401 101154000,265.600000,265.680000,0
20110401 101220000,265.600000,265.670000,0
20110401 101226000,265.600000,265.660000,0
20110401 101227000,265.570000,265.660000,0
20110401 101230000,265.550000,265.650000,0
20110401 101231000,265.570000,265.650000,0
20110401 101234000,265.550000,265.650000,0
20110401 101238000,265.570000,265.650000,0
20110401 101240000,265.610000,265.660000,0
20110401 101241000,265.650000,265.740000,0
20110401 101243000,265.600000,265.700000,0
20110401 101245000,265.650000,265.740000,0
20110401 101246000,265.640000,265.740000,0
20110401 101247000,265.600000,265.710000,0
20110401 101247000,265.600000,265.700000,0
20110401 101251000,265.600000,265.690000,0
20110401 101253000,265.580000,265.670000,0
20110401 101311000,265.570000,265.670000,0
20110401 101314000,265.570000,265.660000,0
20110401 101321000,265.570000,265.670000,0
20110401 101331000,265.580000,265.670000,0
20110401 101332000,265.610000,265.700000,0
20110401 101342000,265.600000,265.700000,0
20110401 101414000,265.600000,265.690000,0
20110401 101419000,265.590000,265.690000,0
20110401 101433000,265.600000,265.700000,0
20110401 101444000,265.600000,265.690000,0
20110401 101507000,265.580000,265.670000,0
20110401 101516000,265.570000,265.670000,0
20110401 101535000,265.580000,265.670000,0
20110401 101546000,265.570000,265.670000,0
20110401 101606000,265.580000,265.670000,0
20110401 101617000,265.570000,265.670000,0
20110401 101650000,265.570000,265.660000,0
20110401 101653000,265.550000,265.650000,0
20110401 101716000,265.560000,265.660000,0
20110401 101720000,265.560000,265.650000,0
20110401 101740000,265.560000,265.660000,0
20110401 101750000,265.560000,265.650000,0
20110401 101810000,265.560000,265.660000,0
20110401 101822000,265.560000,265.650000,0
20110401 101841000,265.560000,265.660000,0
20110401 101853000,265.560000,265.650000,0
20110401 101912000,265.560000,265.660000,0
20110401 101919000,265.560000,265.650000,0
20110401 101923000,265.550000,265.650000,0
20110401 101925000,265.550000,265.630000,0
20110401 101932000,265.550000,265.640000,0
20110401 101936000,265.550000,265.630000,0
20110401 101942000,265.550000,265.640000,0
20110401 101954000,265.550000,265.630000,0
20110401 102242000,265.600000,265.690000,0
20110401 102242000,265.600000,265.700000,0
20110401 102245000,265.570000,265.660000,0
20110401 102443000,265.580000,265.660000,0
20110401 102944000,265.560000,265.660000,0
20110401 103052000,265.610000,265.710000,0
20110401 103055000,265.580000,265.670000,0
20110401 103100000,265.640000,265.730000,0
20110401 103108000,265.630000,265.720000,0
20110401 103109000,265.580000,265.670000,0
20110401 103252000,265.570000,265.670000,0
20110401 103254000,265.570000,265.660000,0
20110401 103328000,265.560000,265.660000,0
20110401 103402000,265.550000,265.640000,0
20110401 103404000,265.530000,265.630000,0
20110401 103404000,265.540000,265.630000,0
20110401 103412000,265.530000,265.620000,0
20110401 103641000,265.550000,265.650000,0
20110401 103657000,265.580000,265.670000,0
20110401 103710000,265.550000,265.650000,0
20110401 104342000,265.530000,265.620000,0
20110401 104354000,265.510000,265.600000,0
20110401 104436000,265.500000,265.600000,0
20110401 104437000,265.490000,265.590000,0
20110401 104506000,265.510000,265.600000,0
20110401 104508000,265.500000,265.600000,0
20110401 104528000,265.490000,265.580000,0
20110401 104538000,265.480000,265.580000,0
20110401 104558000,265.510000,265.600000,0
20110401 104609000,265.530000,265.620000,0
20110401 104609000,265.520000,265.620000,0
20110401 104619000,265.510000,265.600000,0
20110401 104628000,265.530000,265.630000,0
20110401 104640000,265.530000,265.620000,0
20110401 104700000,265.550000,265.630000,0
20110401 104701000,265.550000,265.650000,0
20110401 104710000,265.540000,265.630000,0
20110401 104740000,265.550000,265.650000,0
20110401 104742000,265.550000,265.640000,0
20110401 104758000,265.540000,265.640000,0
20110401 104801000,265.540000,265.620000,0
20110401 104844000,265.540000,265.610000,0
20110401 104852000,265.490000,265.590000,0
20110401 104913000,265.490000,265.570000,0
20110401 104938000,265.430000,265.520000,0
20110401 104940000,265.420000,265.500000,0
20110401 104944000,265.380000,265.470000,0
20110401 104947000,265.370000,265.470000,0
20110401 105010000,265.370000,265.460000,0
20110401 105030000,265.420000,265.520000,0
20110401 105031000,265.440000,265.520000,0
20110401 105032000,265.450000,265.540000,0
20110401 105041000,265.440000,265.540000,0
20110401 105101000,265.440000,265.550000,0
20110401 105102000,265.440000,265.540000,0
20110401 105112000,265.440000,265.550000,0
20110401 105113000,265.440000,265.540000,0
20110401 105116000,265.430000,265.540000,0
20110401 105116000,265.430000,265.530000,0
20110401 105128000,265.450000,265.560000,0
20110401 105128000,265.460000,265.560000,0
20110401 105144000,265.450000,265.550000,0
20110401 105145000,265.460000,265.550000,0
20110401 105203000,265.460000,265.560000,0
20110401 105214000,265.460000,265.550000,0
20110401 105234000,265.460000,265.560000,0
20110401 105245000,265.460000,265.550000,0
20110401 105306000,265.460000,265.560000,0
20110401 105317000,265.460000,265.550000,0
20110401 105337000,265.460000,265.560000,0
20110401 105347000,265.460000,265.550000,0
20110401 105407000,265.460000,265.560000,0
20110401 105419000,265.460000,265.550000,0
20110401 105438000,265.460000,265.560000,0
20110401 105450000,265.460000,265.550000,0
20110401 105509000,265.460000,265.560000,0
20110401 105520000,265.460000,265.550000,0
20110401 105540000,265.460000,265.560000,0
20110401 105551000,265.460000,265.550000,0
20110401 105611000,265.460000,265.560000,0
20110401 105622000,265.460000,265.550000,0
20110401 105629000,265.430000,265.530000,0
20110401 105633000,265.430000,265.540000,0
20110401 105634000,265.430000,265.530000,0
20110401 105635000,265.440000,265.530000,0
20110401 105642000,265.440000,265.540000,0
20110401 105654000,265.440000,265.530000,0
20110401 105714000,265.440000,265.540000,0
20110401 105724000,265.440000,265.530000,0
20110401 105744000,265.440000,265.540000,0
20110401 105755000,265.430000,265.540000,0
20110401 105756000,265.430000,265.530000,0
20110401 105758000,265.440000,265.530000,0
20110401 105815000,265.440000,265.540000,0
20110401 105826000,265.430000,265.540000,0
20110401 105827000,265.430000,265.530000,0
20110401 105828000,265.440000,265.530000,0
20110401 105846000,265.440000,265.540000,0
20110401 105858000,265.430000,265.530000,0
20110401 105859000,265.440000,265.530000,0
20110401 105900000,265.410000,265.500000,0
20110401 105929000,265.400000,265.500000,0
20110401 105949000,265.410000,265.500000,0
20110401 110000000,265.400000,265.500000,0
20110401 110031000,265.400000,265.490000,0
20110401 110050000,265.400000,265.480000,0
20110401 110255000,265.400000,265.500000,0
20110401 110301000,265.450000,265.550000,0
20110401 110305000,265.470000,265.560000,0
20110401 110318000,265.450000,265.550000,0
20110401 110336000,265.450000,265.540000,0
20110401 110356000,265.450000,265.550000,0
20110401 110407000,265.450000,265.540000,0
20110401 110412000,265.440000,265.520000,0
20110401 110600000,265.450000,265.550000,0
20110401 110632000,265.470000,265.570000,0
20110401 110642000,265.470000,265.560000,0
20110401 110702000,265.470000,265.570000,0
20110401 110703000,265.470000,265.560000,0
20110401 110712000,265.490000,265.590000,0
20110401 110713000,265.490000,265.580000,0
20110401 110733000,265.490000,265.590000,0
20110401 110744000,265.490000,265.580000,0
20110401 110804000,265.490000,265.590000,0
20110401 110815000,265.490000,265.580000,0
20110401 110836000,265.490000,265.590000,0
20110401 110847000,265.490000,265.580000,0
20110401 110906000,265.490000,265.590000,0
20110401 110917000,265.490000,265.580000,0
20110401 110937000,265.490000,265.590000,0
20110401 110948000,265.490000,265.580000,0
20110401 111008000,265.500000,265.590000,0
20110401 111019000,265.490000,265.590000,0
20110401 111039000,265.500000,265.590000,0
20110401 111050000,265.490000,265.590000,0
20110401 111110000,265.500000,265.590000,0
20110401 111121000,265.490000,265.590000,0
20110401 111141000,265.500000,265.590000,0
20110401 111152000,265.490000,265.590000,0
20110401 111212000,265.500000,265.590000,0
20110401 111219000,265.450000,265.550000,0
20110401 111224000,265.440000,265.540000,0
20110401 111243000,265.440000,265.550000,0
20110401 111244000,265.450000,265.550000,0
20110401 111246000,265.440000,265.540000,0
20110401 111254000,265.440000,265.550000,0
20110401 111255000,265.440000,265.540000,0
20110401 111255000,265.400000,265.510000,0
20110401 111256000,265.390000,265.500000,0
20110401 111257000,265.370000,265.520000,0
20110401 111315000,265.380000,265.530000,0
20110401 111316000,265.370000,265.520000,0
20110401 111317000,265.350000,265.500000,0
20110401 111326000,265.350000,265.490000,0
20110401 111346000,265.350000,265.500000,0
20110401 111357000,265.350000,265.490000,0
20110401 111406000,265.390000,265.490000,0
20110401 111417000,265.390000,265.500000,0
20110401 111417000,265.400000,265.500000,0
20110401 111428000,265.390000,265.500000,0
20110401 111428000,265.390000,265.490000,0
20110401 111447000,265.390000,265.500000,0
20110401 111448000,265.400000,265.500000,0
20110401 111458000,265.390000,265.500000,0
20110401 111459000,265.390000,265.490000,0
20110401 111518000,265.390000,265.500000,0
20110401 111519000,265.400000,265.500000,0
20110401 111531000,265.390000,265.500000,0
20110401 111531000,265.390000,265.490000,0
20110401 111549000,265.390000,265.500000,0
20110401 111550000,265.400000,265.500000,0
20110401 111600000,265.390000,265.500000,0
20110401 111601000,265.390000,265.490000,0
20110401 111620000,265.390000,265.500000,0
20110401 111621000,265.400000,265.500000,0
20110401 111632000,265.390000,265.500000,0
20110401 111632000,265.390000,265.490000,0
20110401 111652000,265.390000,265.500000,0
20110401 111652000,265.400000,265.500000,0
20110401 111703000,265.390000,265.490000,0
20110401 111723000,265.390000,265.500000,0
20110401 111723000,265.400000,265.500000,0
20110401 111731000,265.370000,265.490000,0
20110401 111731000,265.370000,265.470000,0
20110401 111734000,265.370000,265.480000,0
20110401 111734000,265.370000,265.470000,0
20110401 111805000,265.360000,265.460000,0
20110401 111805000,265.370000,265.460000,0
20110401 111824000,265.370000,265.470000,0
20110401 111835000,265.370000,265.460000,0
20110401 111855000,265.370000,265.470000,0
20110401 111906000,265.370000,265.460000,0
20110401 111927000,265.370000,265.470000,0
20110401 111937000,265.370000,265.460000,0
20110401 111941000,265.370000,265.470000,0
20110401 111943000,265.380000,265.470000,0
20110401 112019000,265.400000,265.500000,0
20110401 112104000,265.370000,265.490000,0
20110401 112105000,265.370000,265.470000,0
20110401 112326000,265.350000,265.460000,0
20110401 112326000,265.370000,265.480000,0
20110401 112326000,265.370000,265.470000,0
20110401 112333000,265.350000,265.460000,0
20110401 112333000,265.350000,265.450000,0
20110401 112337000,265.380000,265.470000,0
20110401 112339000,265.370000,265.470000,0
20110401 112349000,265.360000,265.470000,0
20110401 112350000,265.360000,265.460000,0
20110401 112350000,265.370000,265.460000,0
20110401 112859000,265.360000,265.460000,0
20110401 113308000,265.360000,265.470000,0
20110401 113309000,265.370000,265.470000,0
20110401 113558000,265.390000,265.490000,0
20110401 113601000,265.390000,265.470000,0
20110401 113658000,265.400000,265.490000,0
20110401 113702000,265.390000,265.470000,0
20110401 113857000,265.380000,265.470000,0
20110401 113857000,265.350000,265.450000,0
20110401 113858000,265.360000,265.450000,0
20110401 113920000,265.370000,265.470000,0
20110401 113922000,265.380000,265.480000,0
20110401 113928000,265.370000,265.470000,0
20110401 113943000,265.390000,265.490000,0
20110401 114050000,265.330000,265.430000,0
20110401 114053000,265.370000,265.470000,0
20110401 114112000,265.350000,265.450000,0
20110401 114119000,265.370000,265.450000,0
20110401 114126000,265.350000,265.450000,0
20110401 114134000,265.360000,265.450000,0
20110401 114149000,265.380000,265.470000,0
20110401 114231000,265.390000,265.480000,0
20110401 114251000,265.400000,265.500000,0
20110401 114441000,265.390000,265.480000,0
20110401 114533000,265.360000,265.450000,0
20110401 114644000,265.350000,265.450000,0
20110401 114646000,265.380000,265.450000,0
20110401 114647000,265.380000,265.480000,0
20110401 114751000,265.360000,265.450000,0
20110401 114824000,265.350000,265.450000,0
20110401 114827000,265.330000,265.420000,0
20110401 114937000,265.350000,265.450000,0
20110401 115018000,265.330000,265.420000,0
20110401 115120000,265.290000,265.390000,0
20110401 115121000,265.250000,265.400000,0
20110401 115125000,265.280000,265.400000,0
20110401 115125000,265.300000,265.400000,0
20110401 115128000,265.220000,265.350000,0
20110401 115129000,265.220000,265.320000,0
20110401 115130000,265.230000,265.320000,0
20110401 115133000,265.200000,265.300000,0
20110401 115135000,265.240000,265.300000,0
20110401 115136000,265.240000,265.330000,0
20110401 115136000,265.250000,265.340000,0
20110401 115137000,265.240000,265.340000,0
20110401 115205000,265.290000,265.390000,0
20110401 115212000,265.300000,265.390000,0
20110401 115213000,265.300000,265.400000,0
20110401 115214000,265.310000,265.400000,0
20110401 115215000,265.320000,265.400000,0
20110401 115217000,265.270000,265.370000,0
20110401 115217000,265.320000,265.420000,0
20110401 115219000,265.300000,265.400000,0
20110401 115219000,265.290000,265.380000,0
20110401 115220000,265.280000,265.380000,0
20110401 115220000,265.250000,265.400000,0
20110401 115245000,265.310000,265.410000,0
20110401 115729000,265.310000,265.420000,0
20110401 115729000,265.320000,265.420000,0
20110401 115812000,265.320000,265.430000,0
20110401 115813000,265.320000,265.420000,0
20110401 115822000,265.320000,265.430000,0
20110401 115822000,265.330000,265.430000,0
20110401 115856000,265.360000,265.450000,0
20110401 115856000,265.380000,265.470000,0
20110401 115857000,265.380000,265.480000,0
20110401 115857000,265.390000,265.540000,0
20110401 115857000,265.430000,265.580000,0
20110401 115925000,265.410000,265.560000,0
20110401 115943000,265.280000,265.430000,0
20110401 115950000,265.300000,265.400000,0
20110401 120012000,265.340000,265.490000,0
20110401 120013000,265.400000,265.540000,0
20110401 120013000,265.400000,265.550000,0
20110401 120016000,265.300000,265.450000,0
20110401 120017000,265.300000,265.400000,0
20110401 120148000,265.310000,265.430000,0
20110401 120148000,265.320000,265.420000,0
20110401 120149000,265.330000,265.420000,0
20110401 120153000,265.300000,265.400000,0
20110401 120201000,265.330000,265.420000,0
20110401 120517000,265.300000,265.400000,0
20110401 120545000,265.290000,265.390000,0
20110401 120548000,265.300000,265.400000,0
20110401 120706000,265.340000,265.430000,0
20110401 120706000,265.350000,265.430000,0
20110401 120707000,265.400000,265.550000,0
20110401 121124000,265.350000,265.490000,0
20110401 121124000,265.350000,265.450000,0
20110401 121530000,265.350000,265.460000,0
20110401 121531000,265.350000,265.450000,0
20110401 121604000,265.350000,265.470000,0
20110401 121604000,265.370000,265.470000,0
20110401 121612000,265.350000,265.470000,0
20110401 121613000,265.350000,265.450000,0
20110401 121623000,265.360000,265.450000,0
20110401 121623000,265.370000,265.470000,0
20110401 122456000,265.350000,265.460000,0
20110401 122456000,265.350000,265.450000,0
20110401 123417000,265.320000,265.450000,0
20110401 123417000,265.320000,265.420000,0
20110401 123420000,265.330000,265.450000,0
20110401 123420000,265.350000,265.450000,0
20110401 123427000,265.330000,265.450000,0
20110401 123428000,265.330000,265.430000,0
20110401 123619000,265.310000,265.430000,0
20110401 123619000,265.310000,265.410000,0
20110401 123640000,265.310000,265.430000,0
20110401 123640000,265.330000,265.430000,0
20110401 123737000,265.270000,265.420000,0
20110401 123737000,265.250000,265.400000,0
20110401 123739000,265.260000,265.400000,0
20110401 123745000,265.260000,265.360000,0
20110401 123905000,265.270000,265.420000,0
20110401 123923000,265.330000,265.430000,0
20110401 124155000,265.270000,265.420000,0
20110401 124156000,265.260000,265.360000,0
20110401 124341000,265.270000,265.420000,0
20110401 124341000,265.330000,265.430000,0
20110401 130311000,265.250000,265.400000,0
20110401 130311000,265.240000,265.390000,0
20110401 130331000,265.260000,265.410000,0
20110401 130405000,265.300000,265.410000,0
20110401 130537000,265.300000,265.430000,0
20110401 130537000,265.330000,265.430000,0
20110401 130550000,265.330000,265.450000,0
20110401 130551000,265.350000,265.450000,0
20110401 130555000,265.350000,265.500000,0
20110401 130834000,265.300000,265.450000,0
20110401 130837000,265.380000,265.530000,0
20110401 130840000,265.400000,265.550000,0
20110401 130840000,265.430000,265.580000,0
20110401 130912000,265.400000,265.550000,0
20110401 131245000,265.350000,265.500000,0
20110401 142131000,265.400000,265.550000,0
20110401 142142000,265.350000,265.500000,0
20110401 142145000,265.400000,265.500000,0
20110401 142228000,265.430000,265.580000,0
20110401 142228000,265.500000,265.600000,0
20110401 142234000,265.430000,265.580000,0
20110401 142401000,265.400000,265.500000,0
20110401 143123000,265.350000,265.500000,0
20110401 143129000,265.280000,265.430000,0
20110401 143133000,265.300000,265.450000,0
20110401 144750000,265.310000,265.460000,0
20110401 150413000,265.280000,265.430000,0
20110401 152041000,265.230000,265.380000,0
20110401 153709000,265.220000,265.370000,0
20110401 163358000,265.200000,265.350000,0
20110401 163401000,265.220000,265.370000,0
20110401 163404000,265.200000,265.350000,0
20110401 170000000,265.170000,265.320000,0
20110403 170315000,265.490000,265.640000,0
20110403 182126000,265.520000,265.670000,0
20110403 184800000,265.530000,265.680000,0
20110403 184800000,265.500000,265.650000,0
20110403 194925000,265.510000,265.660000,0
20110403 195428000,265.500000,265.650000,0
20110403 200003000,265.480000,265.630000,0
20110403 211907000,265.560000,265.710000,0
20110403 211907000,265.580000,265.730000,0
20110404 010745000,265.510000,265.660000,0
20110404 010746000,265.500000,265.650000,0
20110404 011245000,265.480000,265.630000,0
20110404 013707000,265.490000,265.640000,0
20110404 013707000,265.300000,265.450000,0
20110404 013709000,265.260000,265.410000,0
20110404 013710000,265.280000,265.430000,0
20110404 014205000,265.230000,265.380000,0
20110404 014302000,265.230000,265.370000,0
20110404 014530000,265.210000,265.340000,0
20110404 014938000,265.180000,265.320000,0
20110404 015238000,265.210000,265.350000,0
20110404 015245000,265.190000,265.340000,0
20110404 015245000,265.180000,265.300000,0
20110404 015246000,265.190000,265.300000,0
20110404 015358000,265.160000,265.290000,0
20110404 015400000,265.170000,265.290000,0
20110404 015815000,265.120000,265.220000,0
20110404 015815000,265.130000,265.220000,0
20110404 015947000,265.180000,265.270000,0
20110404 020055000,265.200000,265.300000,0
20110404 020057000,265.180000,265.270000,0
20110404 020303000,265.200000,265.300000,0
20110404 020304000,265.210000,265.310000,0
20110404 020304000,265.280000,265.430000,0
20110404 020304000,265.460000,265.610000,0
20110404 020305000,265.470000,265.620000,0
20110404 020306000,265.480000,265.630000,0
20110404 020308000,265.180000,265.330000,0
20110404 020339000,265.200000,265.350000,0
20110404 020632000,265.230000,265.320000,0
20110404 020754000,265.250000,265.350000,0
20110404 020756000,265.230000,265.380000,0
20110404 021000000,265.290000,265.440000,0
20110404 021001000,265.320000,265.470000,0
20110404 021001000,265.340000,265.490000,0
20110404 021001000,265.450000,265.600000,0
20110404 021005000,265.480000,265.630000,0
20110404 021006000,265.590000,265.740000,0
20110404 021007000,265.600000,265.750000,0
20110404 021016000,265.480000,265.630000,0
20110404 022337000,265.400000,265.550000,0
20110404 022338000,265.380000,265.530000,0
20110404 022345000,265.350000,265.500000,0
20110404 022348000,265.430000,265.580000,0
20110404 022350000,265.490000,265.640000,0
20110404 022351000,265.500000,265.650000,0
20110404 022504000,265.530000,265.680000,0
20110404 022951000,265.380000,265.530000,0
20110404 022954000,265.470000,265.620000,0
20110404 022956000,265.530000,265.680000,0
20110404 023010000,265.520000,265.670000,0
20110404 023010000,265.510000,265.660000,0
20110404 023011000,265.500000,265.650000,0
20110404 023011000,265.490000,265.640000,0
20110404 023423000,265.560000,265.710000,0
20110404 023425000,265.530000,265.680000,0
20110404 023426000,265.520000,265.670000,0
20110404 023433000,265.510000,265.660000,0
20110404 023440000,265.500000,265.650000,0
20110404 023444000,265.490000,265.640000,0
20110404 023844000,265.380000,265.530000,0
20110404 023845000,265.370000,265.520000,0
20110404 023848000,265.360000,265.510000,0
20110404 023849000,265.350000,265.500000,0
20110404 023854000,265.440000,265.590000,0
20110404 023857000,265.480000,265.630000,0
20110404 023857000,265.500000,265.650000,0
20110404 023954000,265.510000,265.660000,0
20110404 024027000,265.470000,265.620000,0
20110404 024440000,265.450000,265.600000,0
20110404 024945000,265.430000,265.580000,0
20110404 025133000,265.490000,265.640000,0
20110404 025134000,265.500000,265.650000,0
20110404 025135000,265.490000,265.640000,0
20110404 025438000,265.450000,265.600000,0
20110404 025439000,265.460000,265.610000,0
20110404 025758000,265.470000,265.620000,0
20110404 025800000,265.480000,265.630000,0
20110404 025849000,265.460000,265.610000,0
20110404 025850000,265.450000,265.600000,0
20110404 025852000,265.440000,265.590000,0
20110404 030000000,265.450000,265.600000,0
20110404 030002000,265.450000,265.590000,0
20110404 030021000,265.450000,265.600000,0
20110404 030033000,265.450000,265.590000,0
20110404 030052000,265.450000,265.600000,0
20110404 030116000,265.480000,265.620000,0
20110404 030117000,265.480000,265.630000,0
20110404 030117000,265.470000,265.620000,0
20110404 030118000,265.480000,265.630000,0
20110404 030131000,265.450000,265.580000,0
20110404 030131000,265.450000,265.550000,0
20110404 030149000,265.480000,265.630000,0
20110404 030149000,265.470000,265.620000,0
20110404 030221000,265.490000,265.640000,0
20110404 030221000,265.500000,265.640000,0
20110404 030302000,265.470000,265.620000,0
20110404 030622000,265.530000,265.680000,0
20110404 030623000,265.540000,265.690000,0
20110404 030624000,265.530000,265.680000,0
20110404 030735000,265.550000,265.700000,0
20110404 030740000,265.560000,265.710000,0
20110404 030742000,265.570000,265.710000,0
20110404 030833000,265.600000,265.750000,0
20110404 030852000,265.570000,265.700000,0
20110404 030852000,265.550000,265.700000,0
20110404 030852000,265.550000,265.650000,0
20110404 030854000,265.600000,265.750000,0
20110404 030901000,265.620000,265.770000,0
20110404 030902000,265.580000,265.720000,0
20110404 030903000,265.580000,265.680000,0
20110404 030941000,265.620000,265.730000,0
20110404 030941000,265.620000,265.770000,0
20110404 030947000,265.620000,265.750000,0
20110404 030959000,265.630000,265.770000,0
20110404 031011000,265.670000,265.800000,0
20110404 031011000,265.700000,265.800000,0
20110404 031012000,265.670000,265.800000,0
20110404 031012000,265.620000,265.770000,0
20110404 031012000,265.620000,265.750000,0
20110404 031014000,265.680000,265.800000,0
20110404 031014000,265.680000,265.790000,0
20110404 031015000,265.680000,265.780000,0
20110404 031015000,265.630000,265.740000,0
20110404 031017000,265.620000,265.750000,0
20110404 031041000,265.630000,265.750000,0
20110404 031041000,265.620000,265.750000,0
20110404 031042000,265.610000,265.740000,0
20110404 031043000,265.600000,265.750000,0
20110404 031048000,265.570000,265.720000,0
20110404 031048000,265.560000,265.710000,0
20110404 031049000,265.500000,265.650000,0
20110404 031054000,265.400000,265.550000,0
20110404 031055000,265.450000,265.550000,0
20110404 031102000,265.450000,265.570000,0
20110404 031102000,265.470000,265.570000,0
20110404 031128000,265.510000,265.640000,0
20110404 031128000,265.530000,265.670000,0
20110404 031129000,265.540000,265.680000,0
20110404 031129000,265.550000,265.700000,0
20110404 031134000,265.500000,265.650000,0
20110404 031323000,265.510000,265.640000,0
20110404 031457000,265.490000,265.620000,0
20110404 031633000,265.490000,265.630000,0
20110404 031634000,265.500000,265.640000,0
20110404 031709000,265.500000,265.650000,0
20110404 031718000,265.450000,265.600000,0
20110404 031941000,265.480000,265.630000,0
20110404 032020000,265.430000,265.580000,0
20110404 032032000,265.440000,265.590000,0
20110404 032032000,265.450000,265.600000,0
20110404 032101000,265.430000,265.580000,0
20110404 032305000,265.440000,265.590000,0
20110404 032305000,265.450000,265.600000,0
20110404 032528000,265.450000,265.590000,0
20110404 032529000,265.450000,265.550000,0
20110404 032540000,265.440000,265.550000,0
20110404 032540000,265.450000,265.550000,0
20110404 032557000,265.450000,265.570000,0
20110404 032558000,265.470000,265.570000,0
20110404 032611000,265.500000,265.600000,0
20110404 032647000,265.470000,265.580000,0
20110404 032648000,265.470000,265.570000,0
20110404 032653000,265.500000,265.610000,0
20110404 032654000,265.520000,265.670000,0
20110404 032656000,265.550000,265.680000,0
20110404 032727000,265.470000,265.620000,0
20110404 032728000,265.470000,265.570000,0
20110404 032821000,265.500000,265.570000,0
20110404 032822000,265.500000,265.600000,0
20110404 032843000,265.470000,265.590000,0
20110404 032843000,265.470000,265.570000,0
20110404 032926000,265.470000,265.580000,0
20110404 032927000,265.480000,265.580000,0
20110404 032946000,265.470000,265.580000,0
20110404 032947000,265.470000,265.570000,0
20110404 032955000,265.500000,265.610000,0
20110404 032956000,265.520000,265.670000,0
20110404 032957000,265.560000,265.690000,0
20110404 032959000,265.480000,265.630000,0
20110404 032959000,265.480000,265.580000,0
20110404 033006000,265.500000,265.600000,0
20110404 033020000,265.470000,265.590000,0
20110404 033020000,265.470000,265.570000,0
20110404 033028000,265.450000,265.550000,0
20110404 033057000,265.480000,265.550000,0
20110404 033057000,265.480000,265.570000,0
20110404 033059000,265.470000,265.570000,0
20110404 033155000,265.500000,265.600000,0
20110404 033203000,265.500000,265.570000,0
20110404 033204000,265.480000,265.570000,0
20110404 033708000,265.470000,265.570000,0
20110404 033832000,265.450000,265.580000,0
20110404 033832000,265.460000,265.550000,0
20110404 033832000,265.450000,265.550000,0
20110404 035037000,265.440000,265.540000,0
20110404 035149000,265.460000,265.570000,0
20110404 035150000,265.470000,265.570000,0
20110404 035201000,265.440000,265.550000,0
20110404 035201000,265.440000,265.540000,0
20110404 035232000,265.450000,265.560000,0
20110404 035232000,265.470000,265.570000,0
20110404 035239000,265.440000,265.550000,0
20110404 035239000,265.440000,265.540000,0
20110404 035250000,265.460000,265.570000,0
20110404 035251000,265.470000,265.570000,0
20110404 035310000,265.440000,265.550000,0
20110404 035310000,265.440000,265.540000,0
20110404 035338000,265.480000,265.590000,0
20110404 035338000,265.490000,265.590000,0
20110404 035339000,265.500000,265.590000,0
20110404 035538000,265.500000,265.600000,0
20110404 035950000,265.470000,265.560000,0
20110404 035950000,265.470000,265.550000,0
20110404 035951000,265.450000,265.550000,0
20110404 040439000,265.490000,265.600000,0
20110404 040440000,265.500000,265.600000,0
20110404 040501000,265.470000,265.550000,0
20110404 040502000,265.450000,265.550000,0
20110404 040515000,265.450000,265.560000,0
20110404 040516000,265.450000,265.550000,0
20110404 040535000,265.450000,265.560000,0
20110404 040536000,265.450000,265.550000,0
20110404 040536000,265.420000,265.540000,0
20110404 040536000,265.420000,265.520000,0
20110404 040546000,265.420000,265.530000,0
20110404 040547000,265.430000,265.530000,0
20110404 040553000,265.440000,265.530000,0
20110404 040617000,265.440000,265.540000,0
20110404 040637000,265.430000,265.520000,0
20110404 040639000,265.450000,265.550000,0
20110404 040648000,265.450000,265.560000,0
20110404 040649000,265.450000,265.550000,0
20110404 040708000,265.450000,265.560000,0
20110404 040709000,265.450000,265.550000,0
20110404 040719000,265.450000,265.560000,0
20110404 040720000,265.450000,265.550000,0
20110404 040728000,265.460000,265.570000,0
20110404 040728000,265.470000,265.570000,0
20110404 040821000,265.470000,265.580000,0
20110404 040821000,265.470000,265.570000,0
20110404 040823000,265.480000,265.570000,0
20110404 040841000,265.470000,265.570000,0
20110404 040852000,265.470000,265.580000,0
20110404 040853000,265.470000,265.570000,0
20110404 040854000,265.480000,265.570000,0
20110404 040912000,265.470000,265.570000,0
20110404 040923000,265.470000,265.580000,0
20110404 040924000,265.470000,265.570000,0
20110404 040924000,265.480000,265.570000,0
20110404 040943000,265.470000,265.570000,0
20110404 040946000,265.440000,265.550000,0
20110404 040946000,265.440000,265.540000,0
20110404 040947000,265.450000,265.540000,0
20110404 040955000,265.450000,265.550000,0
20110404 041014000,265.450000,265.540000,0
20110404 041026000,265.450000,265.550000,0
20110404 041029000,265.480000,265.550000,0
20110404 041029000,265.480000,265.570000,0
20110404 041045000,265.470000,265.570000,0
20110404 041048000,265.480000,265.570000,0
20110404 041057000,265.480000,265.580000,0
20110404 041116000,265.480000,265.570000,0
20110404 041127000,265.480000,265.580000,0
20110404 041147000,265.480000,265.570000,0
20110404 041150000,265.510000,265.600000,0
20110404 041158000,265.520000,265.600000,0
20110404 041201000,265.580000,265.680000,0
20110404 041202000,265.600000,265.740000,0
20110404 041205000,265.540000,265.680000,0
20110404 041206000,265.540000,265.640000,0
20110404 041207000,265.580000,265.710000,0
20110404 041208000,265.600000,265.740000,0
20110404 041208000,265.510000,265.660000,0
20110404 041209000,265.520000,265.610000,0
20110404 041210000,265.530000,265.610000,0
20110404 041218000,265.520000,265.610000,0
20110404 041228000,265.530000,265.600000,0
20110404 041248000,265.520000,265.600000,0
20110404 041259000,265.530000,265.600000,0
20110404 041319000,265.520000,265.600000,0
20110404 041322000,265.480000,265.570000,0
20110404 041330000,265.480000,265.580000,0
20110404 041401000,265.490000,265.580000,0
20110404 041419000,265.500000,265.590000,0
20110404 041423000,265.530000,265.630000,0
20110404 041424000,265.540000,265.630000,0
20110404 041424000,265.550000,265.650000,0
20110404 041425000,265.550000,265.700000,0
20110404 041426000,265.580000,265.710000,0
20110404 041428000,265.540000,265.690000,0
20110404 041449000,265.530000,265.680000,0
20110404 041450000,265.520000,265.670000,0
20110404 041451000,265.520000,265.650000,0
20110404 041452000,265.510000,265.650000,0
20110404 041504000,265.520000,265.650000,0
20110404 041511000,265.550000,265.650000,0
20110404 041516000,265.500000,265.630000,0
20110404 041516000,265.500000,265.600000,0
20110404 041520000,265.550000,265.630000,0
20110404 041521000,265.550000,265.620000,0
20110404 041524000,265.560000,265.620000,0
20110404 041535000,265.570000,265.620000,0
20110404 041535000,265.580000,265.680000,0
20110404 041540000,265.600000,265.690000,0
20110404 041610000,265.570000,265.660000,0
20110404 041611000,265.560000,265.660000,0
20110404 041611000,265.550000,265.640000,0
20110404 041612000,265.540000,265.650000,0
20110404 041618000,265.550000,265.650000,0
20110404 041622000,265.560000,265.680000,0
20110404 041622000,265.570000,265.670000,0
20110404 041627000,265.550000,265.650000,0
20110404 041640000,265.550000,265.600000,0
20110404 041642000,265.530000,265.600000,0
20110404 041649000,265.540000,265.640000,0
20110404 041653000,265.580000,265.650000,0
20110404 041656000,265.590000,265.650000,0
20110404 041716000,265.610000,265.660000,0
20110404 041719000,265.540000,265.630000,0
20110404 041722000,265.530000,265.630000,0
20110404 041722000,265.550000,265.640000,0
20110404 041724000,265.590000,265.650000,0
20110404 041727000,265.600000,265.650000,0
20110404 041737000,265.630000,265.720000,0
20110404 041755000,265.650000,265.720000,0
20110404 041755000,265.650000,265.750000,0
20110404 041815000,265.650000,265.740000,0
20110404 041818000,265.680000,265.780000,0
20110404 041818000,265.700000,265.790000,0
20110404 041819000,265.690000,265.800000,0
20110404 041820000,265.720000,265.830000,0
20110404 041820000,265.730000,265.830000,0
20110404 041826000,265.730000,265.840000,0
20110404 041826000,265.750000,265.850000,0
20110404 041827000,265.760000,265.850000,0
20110404 041830000,265.750000,265.830000,0
20110404 041830000,265.740000,265.830000,0
20110404 041841000,265.770000,265.850000,0
20110404 041844000,265.760000,265.830000,0
20110404 041844000,265.740000,265.830000,0
20110404 041849000,265.830000,265.900000,0
20110404 041852000,265.780000,265.880000,0
20110404 041853000,265.810000,265.900000,0
