20101114 170538000,276.310000,276.460000,0
20101114 172142000,276.310000,276.460000,0
20101114 190001000,276.300000,276.450000,0
20101114 200724000,276.430000,276.580000,0
20101114 200725000,276.590000,276.740000,0
20101114 200727000,276.670000,276.820000,0
20101114 200728000,276.700000,276.850000,0
20101114 200729000,276.710000,276.860000,0
20101114 204329000,276.320000,276.470000,0
20101114 204330000,276.310000,276.460000,0
20101114 204332000,276.300000,276.450000,0
20101114 204425000,276.200000,276.350000,0
20101114 204557000,276.080000,276.230000,0
20101114 204733000,275.570000,275.720000,0
20101114 204737000,275.560000,275.710000,0
20101114 204738000,275.550000,275.700000,0
20101114 204807000,275.540000,275.690000,0
20101114 204809000,275.550000,275.700000,0
20101114 204833000,276.080000,276.230000,0
20101114 213938000,275.980000,276.130000,0
20101114 213940000,275.970000,276.120000,0
20101114 213940000,275.940000,276.090000,0
20101114 213941000,275.930000,276.080000,0
20101114 215000000,276.080000,276.230000,0
20101115 004646000,276.060000,276.210000,0
20101115 004702000,276.080000,276.230000,0
20101115 010610000,276.160000,276.310000,0
20101115 010834000,276.080000,276.230000,0
20101115 012339000,276.280000,276.430000,0
20101115 012341000,276.320000,276.470000,0
20101115 012342000,276.400000,276.550000,0
20101115 012343000,276.420000,276.570000,0
20101115 012345000,276.430000,276.580000,0
20101115 012346000,276.510000,276.660000,0
20101115 012347000,276.540000,276.690000,0
20101115 012348000,276.550000,276.700000,0
20101115 012402000,276.080000,276.230000,0
20101115 013814000,276.250000,276.400000,0
20101115 013815000,276.300000,276.450000,0
20101115 013817000,276.320000,276.470000,0
20101115 013817000,276.330000,276.480000,0
20101115 013824000,276.080000,276.230000,0
20101115 013905000,275.970000,276.120000,0
20101115 013906000,276.080000,276.230000,0
20101115 014658000,275.980000,276.130000,0
20101115 014658000,275.950000,276.100000,0
20101115 015957000,275.960000,276.110000,0
20101115 020010000,275.980000,276.130000,0
20101115 020440000,276.200000,276.350000,0
20101115 020606000,276.300000,276.450000,0
20101115 020812000,276.360000,276.510000,0
20101115 020812000,276.450000,276.600000,0
20101115 020816000,276.500000,276.650000,0
20101115 020819000,276.350000,276.500000,0
20101115 021344000,276.420000,276.570000,0
20101115 021345000,276.480000,276.630000,0
20101115 021345000,276.500000,276.650000,0
20101115 021349000,276.480000,276.630000,0
20101115 021632000,276.430000,276.580000,0
20101115 021637000,276.450000,276.600000,0
20101115 021656000,276.380000,276.530000,0
20101115 021720000,276.280000,276.430000,0
20101115 021816000,276.300000,276.450000,0
20101115 022318000,276.330000,276.480000,0
20101115 022404000,276.250000,276.400000,0
20101115 022641000,276.330000,276.480000,0
20101115 022642000,276.210000,276.360000,0
20101115 022643000,276.200000,276.350000,0
20101115 022643000,276.230000,276.380000,0
20101115 022644000,276.330000,276.480000,0
20101115 022654000,276.270000,276.420000,0
20101115 022655000,276.250000,276.400000,0
20101115 022704000,276.380000,276.530000,0
20101115 022716000,276.410000,276.560000,0
20101115 022717000,276.420000,276.570000,0
20101115 022726000,276.380000,276.530000,0
20101115 022821000,276.430000,276.580000,0
20101115 022903000,276.380000,276.530000,0
20101115 023200000,276.410000,276.560000,0
20101115 023201000,276.460000,276.610000,0
20101115 023311000,276.580000,276.730000,0
20101115 023358000,276.600000,276.750000,0
20101115 023713000,276.580000,276.730000,0
20101115 023853000,276.630000,276.780000,0
20101115 023855000,276.580000,276.730000,0
20101115 024151000,276.570000,276.720000,0
20101115 024509000,276.530000,276.680000,0
20101115 024854000,276.620000,276.770000,0
20101115 024854000,276.630000,276.780000,0
20101115 025131000,276.640000,276.790000,0
20101115 025232000,276.450000,276.600000,0
20101115 025236000,276.440000,276.590000,0
20101115 025251000,276.490000,276.640000,0
20101115 025252000,276.500000,276.650000,0
20101115 025253000,276.530000,276.680000,0
20101115 025258000,276.480000,276.630000,0
20101115 025300000,276.520000,276.670000,0
20101115 025300000,276.530000,276.680000,0
20101115 025342000,276.480000,276.630000,0
20101115 025343000,276.460000,276.610000,0
20101115 025344000,276.450000,276.600000,0
20101115 025344000,276.380000,276.530000,0
20101115 025441000,276.530000,276.680000,0
20101115 025523000,276.460000,276.610000,0
20101115 025524000,276.390000,276.540000,0
20101115 025524000,276.380000,276.530000,0
20101115 025545000,276.330000,276.480000,0
20101115 025906000,276.380000,276.530000,0
20101115 025931000,276.370000,276.520000,0
20101115 025933000,276.380000,276.530000,0
20101115 025933000,276.480000,276.630000,0
20101115 025936000,276.570000,276.720000,0
20101115 025937000,276.590000,276.740000,0
20101115 025939000,276.600000,276.750000,0
20101115 025940000,276.610000,276.760000,0
20101115 025942000,276.620000,276.770000,0
20101115 025949000,276.640000,276.790000,0
20101115 025950000,276.660000,276.810000,0
20101115 030017000,276.680000,276.830000,0
20101115 030053000,276.730000,276.880000,0
20101115 030058000,276.760000,276.910000,0
20101115 030100000,276.780000,276.930000,0
20101115 030154000,276.740000,276.890000,0
20101115 030227000,276.780000,276.930000,0
20101115 030231000,276.790000,276.940000,0
20101115 030235000,276.730000,276.880000,0
20101115 030240000,276.780000,276.930000,0
20101115 030245000,276.740000,276.890000,0
20101115 030421000,276.760000,276.910000,0
20101115 030422000,276.780000,276.930000,0
20101115 030452000,276.820000,276.970000,0
20101115 030519000,276.830000,276.980000,0
20101115 030520000,276.860000,277.010000,0
20101115 030520000,276.870000,277.020000,0
20101115 030521000,276.880000,277.030000,0
20101115 030755000,276.860000,277.010000,0
20101115 030757000,276.870000,277.020000,0
20101115 030818000,276.880000,277.030000,0
20101115 030831000,276.870000,277.020000,0
20101115 030836000,276.830000,276.980000,0
20101115 030852000,276.820000,276.970000,0
20101115 030906000,276.810000,276.960000,0
20101115 030908000,276.800000,276.950000,0
20101115 030936000,276.810000,276.960000,0
20101115 030937000,276.800000,276.950000,0
20101115 030949000,276.810000,276.960000,0
20101115 030951000,276.820000,276.970000,0
20101115 031008000,276.810000,276.960000,0
20101115 031011000,276.820000,276.970000,0
20101115 031012000,276.810000,276.960000,0
20101115 031023000,276.800000,276.950000,0
20101115 031023000,276.810000,276.960000,0
20101115 031024000,276.800000,276.950000,0
20101115 031025000,276.810000,276.960000,0
20101115 031026000,276.800000,276.950000,0
20101115 031030000,276.810000,276.960000,0
20101115 031044000,276.820000,276.970000,0
20101115 031046000,276.810000,276.960000,0
20101115 031047000,276.820000,276.970000,0
20101115 031048000,276.810000,276.960000,0
20101115 031054000,276.820000,276.970000,0
20101115 031055000,276.810000,276.960000,0
20101115 031104000,276.800000,276.950000,0
20101115 031108000,276.780000,276.930000,0
20101115 031110000,276.790000,276.940000,0
20101115 031113000,276.780000,276.930000,0
20101115 031114000,276.790000,276.940000,0
20101115 031115000,276.810000,276.960000,0
20101115 031116000,276.820000,276.970000,0
20101115 031119000,276.810000,276.960000,0
20101115 031121000,276.820000,276.970000,0
20101115 031124000,276.810000,276.960000,0
20101115 031130000,276.820000,276.970000,0
20101115 031130000,276.810000,276.960000,0
20101115 031139000,276.800000,276.950000,0
20101115 031232000,276.790000,276.940000,0
20101115 031233000,276.800000,276.950000,0
20101115 031245000,276.780000,276.930000,0
20101115 031248000,276.810000,276.960000,0
20101115 031249000,276.800000,276.950000,0
20101115 031252000,276.810000,276.960000,0
20101115 031255000,276.800000,276.950000,0
20101115 031257000,276.810000,276.960000,0
20101115 031302000,276.800000,276.950000,0
20101115 031322000,276.790000,276.940000,0
20101115 031323000,276.800000,276.950000,0
20101115 031329000,276.790000,276.940000,0
20101115 031330000,276.800000,276.950000,0
20101115 031334000,276.810000,276.960000,0
20101115 031348000,276.800000,276.950000,0
20101115 031350000,276.810000,276.960000,0
20101115 031351000,276.800000,276.950000,0
20101115 031351000,276.810000,276.960000,0
20101115 031353000,276.800000,276.950000,0
20101115 031356000,276.790000,276.940000,0
20101115 031359000,276.800000,276.950000,0
20101115 031408000,276.790000,276.940000,0
20101115 031412000,276.800000,276.950000,0
20101115 031414000,276.810000,276.960000,0
20101115 031419000,276.800000,276.950000,0
20101115 031419000,276.810000,276.960000,0
20101115 031422000,276.800000,276.950000,0
20101115 031423000,276.810000,276.960000,0
20101115 031429000,276.800000,276.950000,0
20101115 031454000,276.810000,276.960000,0
20101115 031504000,276.800000,276.950000,0
20101115 031504000,276.810000,276.960000,0
20101115 031518000,276.800000,276.950000,0
20101115 031519000,276.730000,276.880000,0
20101115 031520000,276.710000,276.860000,0
20101115 031520000,276.690000,276.840000,0
20101115 031521000,276.680000,276.830000,0
20101115 031737000,276.730000,276.880000,0
20101115 032030000,276.780000,276.930000,0
20101115 032031000,276.800000,276.950000,0
20101115 032038000,276.780000,276.930000,0
20101115 032044000,276.790000,276.940000,0
20101115 032047000,276.780000,276.930000,0
20101115 032047000,276.800000,276.950000,0
20101115 032050000,276.780000,276.930000,0
20101115 032053000,276.790000,276.940000,0
20101115 032056000,276.800000,276.950000,0
20101115 032056000,276.790000,276.940000,0
20101115 032106000,276.810000,276.960000,0
20101115 032106000,276.780000,276.930000,0
20101115 032107000,276.770000,276.920000,0
20101115 032128000,276.760000,276.910000,0
20101115 032140000,276.770000,276.920000,0
20101115 032147000,276.760000,276.910000,0
20101115 032155000,276.750000,276.900000,0
20101115 032200000,276.760000,276.910000,0
20101115 032208000,276.750000,276.900000,0
20101115 032220000,276.740000,276.890000,0
20101115 032233000,276.750000,276.900000,0
20101115 032434000,276.700000,276.850000,0
20101115 032434000,276.620000,276.770000,0
20101115 032435000,276.610000,276.760000,0
20101115 032809000,276.620000,276.770000,0
20101115 032811000,276.630000,276.780000,0
20101115 032828000,276.640000,276.790000,0
20101115 032830000,276.750000,276.900000,0
20101115 032832000,276.730000,276.880000,0
20101115 032832000,276.700000,276.850000,0
20101115 032832000,276.720000,276.870000,0
20101115 032838000,276.710000,276.860000,0
20101115 032849000,276.720000,276.870000,0
20101115 033157000,276.740000,276.890000,0
20101115 033158000,276.770000,276.920000,0
20101115 033159000,276.780000,276.930000,0
20101115 033251000,276.810000,276.960000,0
20101115 033253000,276.820000,276.970000,0
20101115 033253000,276.830000,276.980000,0
20101115 033309000,276.810000,276.960000,0
20101115 033310000,276.800000,276.950000,0
20101115 033317000,276.810000,276.960000,0
20101115 033321000,276.800000,276.950000,0
20101115 033322000,276.810000,276.960000,0
20101115 033327000,276.800000,276.950000,0
20101115 033327000,276.810000,276.960000,0
20101115 033330000,276.870000,277.020000,0
20101115 033332000,276.880000,277.030000,0
20101115 033336000,276.890000,277.040000,0
20101115 033407000,276.880000,277.030000,0
20101115 033417000,276.910000,277.060000,0
20101115 033417000,276.920000,277.070000,0
20101115 033418000,276.900000,277.050000,0
20101115 033418000,276.880000,277.030000,0
20101115 033420000,276.900000,277.050000,0
20101115 033422000,276.910000,277.060000,0
20101115 033423000,276.920000,277.070000,0
20101115 033424000,276.900000,277.050000,0
20101115 033432000,276.910000,277.060000,0
20101115 033442000,276.900000,277.050000,0
20101115 033450000,276.890000,277.040000,0
20101115 033453000,276.880000,277.030000,0
20101115 033509000,276.890000,277.040000,0
20101115 033518000,276.900000,277.050000,0
20101115 033519000,276.890000,277.040000,0
20101115 033520000,276.900000,277.050000,0
20101115 033533000,276.890000,277.040000,0
20101115 033534000,276.900000,277.050000,0
20101115 033539000,276.890000,277.040000,0
20101115 033541000,276.880000,277.030000,0
20101115 033543000,276.890000,277.040000,0
20101115 033545000,276.880000,277.030000,0
20101115 033546000,276.890000,277.040000,0
20101115 033549000,276.880000,277.030000,0
20101115 033555000,276.890000,277.040000,0
20101115 033556000,276.900000,277.050000,0
20101115 033557000,276.890000,277.040000,0
20101115 033558000,276.900000,277.050000,0
20101115 033604000,276.890000,277.040000,0
20101115 033616000,276.880000,277.030000,0
20101115 033623000,276.890000,277.040000,0
20101115 033625000,276.880000,277.030000,0
20101115 033641000,276.890000,277.040000,0
20101115 033648000,276.900000,277.050000,0
20101115 033652000,276.870000,277.020000,0
20101115 033655000,276.880000,277.030000,0
20101115 033656000,276.870000,277.020000,0
20101115 033707000,276.880000,277.030000,0
20101115 033708000,276.870000,277.020000,0
20101115 033708000,276.880000,277.030000,0
20101115 033711000,276.870000,277.020000,0
20101115 033721000,276.860000,277.010000,0
20101115 033721000,276.870000,277.020000,0
20101115 033723000,276.860000,277.010000,0
20101115 033727000,276.870000,277.020000,0
20101115 033748000,276.860000,277.010000,0
20101115 033749000,276.870000,277.020000,0
20101115 033750000,276.860000,277.010000,0
20101115 033813000,276.870000,277.020000,0
20101115 033816000,276.850000,277.000000,0
20101115 033816000,276.840000,276.990000,0
20101115 033825000,276.850000,277.000000,0
20101115 033827000,276.840000,276.990000,0
20101115 033830000,276.850000,277.000000,0
20101115 033843000,276.840000,276.990000,0
20101115 033849000,276.830000,276.980000,0
20101115 033858000,276.840000,276.990000,0
20101115 033859000,276.850000,277.000000,0
20101115 033909000,276.840000,276.990000,0
20101115 033910000,276.850000,277.000000,0
20101115 033914000,276.840000,276.990000,0
20101115 033915000,276.850000,277.000000,0
20101115 033923000,276.840000,276.990000,0
20101115 033923000,276.850000,277.000000,0
20101115 033929000,276.840000,276.990000,0
20101115 033929000,276.850000,277.000000,0
20101115 033930000,276.840000,276.990000,0
20101115 033930000,276.830000,276.980000,0
20101115 033931000,276.840000,276.990000,0
20101115 033933000,276.830000,276.980000,0
20101115 033935000,276.820000,276.970000,0
20101115 033935000,276.830000,276.980000,0
20101115 033936000,276.840000,276.990000,0
20101115 033936000,276.830000,276.980000,0
20101115 033937000,276.840000,276.990000,0
20101115 033938000,276.830000,276.980000,0
20101115 033938000,276.840000,276.990000,0
20101115 033940000,276.850000,277.000000,0
20101115 033942000,276.840000,276.990000,0
20101115 033944000,276.850000,277.000000,0
20101115 033949000,276.840000,276.990000,0
20101115 033950000,276.850000,277.000000,0
20101115 033952000,276.840000,276.990000,0
20101115 033953000,276.850000,277.000000,0
20101115 033954000,276.830000,276.980000,0
20101115 033954000,276.840000,276.990000,0
20101115 033956000,276.850000,277.000000,0
20101115 033958000,276.840000,276.990000,0
20101115 033958000,276.850000,277.000000,0
20101115 034001000,276.840000,276.990000,0
20101115 034007000,276.850000,277.000000,0
20101115 034011000,276.830000,276.980000,0
20101115 034011000,276.780000,276.930000,0
20101115 034012000,276.770000,276.920000,0
20101115 034012000,276.810000,276.960000,0
20101115 034013000,276.820000,276.970000,0
20101115 034014000,276.830000,276.980000,0
20101115 034021000,276.840000,276.990000,0
20101115 034027000,276.830000,276.980000,0
20101115 034029000,276.840000,276.990000,0
20101115 034036000,276.850000,277.000000,0
20101115 034039000,276.840000,276.990000,0
20101115 034044000,276.830000,276.980000,0
20101115 034048000,276.800000,276.950000,0
20101115 034049000,276.790000,276.940000,0
20101115 034056000,276.780000,276.930000,0
20101115 034100000,276.790000,276.940000,0
20101115 034138000,276.780000,276.930000,0
20101115 034141000,276.790000,276.940000,0
20101115 034156000,276.800000,276.950000,0
20101115 034210000,276.770000,276.920000,0
20101115 034216000,276.780000,276.930000,0
20101115 034223000,276.770000,276.920000,0
20101115 034224000,276.780000,276.930000,0
20101115 034228000,276.810000,276.960000,0
20101115 034229000,276.820000,276.970000,0
20101115 034233000,276.810000,276.960000,0
20101115 034235000,276.820000,276.970000,0
20101115 034236000,276.810000,276.960000,0
20101115 034236000,276.820000,276.970000,0
20101115 034237000,276.810000,276.960000,0
20101115 034247000,276.820000,276.970000,0
20101115 034251000,276.810000,276.960000,0
20101115 034258000,276.820000,276.970000,0
20101115 034301000,276.810000,276.960000,0
20101115 034312000,276.830000,276.980000,0
20101115 034313000,276.810000,276.960000,0
20101115 034314000,276.780000,276.930000,0
20101115 034333000,276.810000,276.960000,0
20101115 034341000,276.780000,276.930000,0
20101115 034352000,276.800000,276.950000,0
20101115 034408000,276.810000,276.960000,0
20101115 034410000,276.800000,276.950000,0
20101115 034418000,276.810000,276.960000,0
20101115 034419000,276.800000,276.950000,0
20101115 034429000,276.810000,276.960000,0
20101115 034430000,276.800000,276.950000,0
20101115 034431000,276.810000,276.960000,0
20101115 034441000,276.800000,276.950000,0
20101115 034504000,276.790000,276.940000,0
20101115 034506000,276.800000,276.950000,0
20101115 034513000,276.790000,276.940000,0
20101115 034514000,276.800000,276.950000,0
20101115 034515000,276.790000,276.940000,0
20101115 034519000,276.780000,276.930000,0
20101115 034534000,276.790000,276.940000,0
20101115 034534000,276.780000,276.930000,0
20101115 034611000,276.770000,276.920000,0
20101115 034617000,276.750000,276.900000,0
20101115 034617000,276.740000,276.890000,0
20101115 034618000,276.750000,276.900000,0
20101115 034637000,276.710000,276.860000,0
20101115 034637000,276.680000,276.830000,0
20101115 035049000,276.670000,276.820000,0
20101115 035050000,276.680000,276.830000,0
20101115 035053000,276.670000,276.820000,0
20101115 035100000,276.680000,276.830000,0
20101115 035101000,276.670000,276.820000,0
20101115 035110000,276.680000,276.830000,0
20101115 035110000,276.670000,276.820000,0
20101115 035112000,276.680000,276.830000,0
20101115 035113000,276.670000,276.820000,0
20101115 035113000,276.630000,276.780000,0
20101115 035115000,276.580000,276.730000,0
20101115 035203000,276.590000,276.740000,0
20101115 035206000,276.600000,276.750000,0
20101115 035231000,276.590000,276.740000,0
20101115 035231000,276.600000,276.750000,0
20101115 035236000,276.590000,276.740000,0
20101115 035237000,276.580000,276.730000,0
20101115 035249000,276.600000,276.750000,0
20101115 035251000,276.610000,276.760000,0
20101115 035254000,276.600000,276.750000,0
20101115 035254000,276.610000,276.760000,0
20101115 035256000,276.600000,276.750000,0
20101115 035302000,276.590000,276.740000,0
20101115 035303000,276.600000,276.750000,0
20101115 035306000,276.590000,276.740000,0
20101115 035306000,276.600000,276.750000,0
20101115 035307000,276.590000,276.740000,0
20101115 035308000,276.600000,276.750000,0
20101115 035312000,276.590000,276.740000,0
20101115 035313000,276.600000,276.750000,0
20101115 035318000,276.590000,276.740000,0
20101115 035323000,276.580000,276.730000,0
20101115 035327000,276.560000,276.710000,0
20101115 035329000,276.550000,276.700000,0
20101115 035341000,276.440000,276.590000,0
20101115 035341000,276.420000,276.570000,0
20101115 035342000,276.400000,276.550000,0
20101115 035344000,276.350000,276.500000,0
20101115 035344000,276.280000,276.430000,0
20101115 035345000,276.260000,276.410000,0
20101115 035346000,276.250000,276.400000,0
20101115 035346000,276.240000,276.390000,0
20101115 035349000,276.260000,276.410000,0
20101115 035351000,276.340000,276.490000,0
20101115 035352000,276.370000,276.520000,0
20101115 035353000,276.260000,276.410000,0
20101115 035355000,276.250000,276.400000,0
20101115 035407000,276.290000,276.440000,0
20101115 035420000,276.280000,276.430000,0
20101115 035422000,276.290000,276.440000,0
20101115 035423000,276.280000,276.430000,0
20101115 035436000,276.270000,276.420000,0
20101115 035438000,276.280000,276.430000,0
20101115 035447000,276.290000,276.440000,0
20101115 035502000,276.280000,276.430000,0
20101115 035512000,276.290000,276.440000,0
20101115 035514000,276.310000,276.460000,0
20101115 035517000,276.290000,276.440000,0
20101115 035519000,276.310000,276.460000,0
20101115 035519000,276.290000,276.440000,0
20101115 035524000,276.310000,276.460000,0
20101115 035525000,276.290000,276.440000,0
20101115 035531000,276.280000,276.430000,0
20101115 035532000,276.290000,276.440000,0
20101115 035536000,276.280000,276.430000,0
20101115 035546000,276.270000,276.420000,0
20101115 035555000,276.260000,276.410000,0
20101115 035556000,276.270000,276.420000,0
20101115 035557000,276.260000,276.410000,0
20101115 035642000,276.270000,276.420000,0
20101115 035730000,276.260000,276.410000,0
20101115 035736000,276.280000,276.430000,0
20101115 035736000,276.290000,276.440000,0
20101115 035840000,276.280000,276.430000,0
20101115 035840000,276.270000,276.420000,0
20101115 035844000,276.260000,276.410000,0
20101115 035844000,276.280000,276.430000,0
20101115 035845000,276.290000,276.440000,0
20101115 035845000,276.300000,276.450000,0
20101115 035848000,276.290000,276.440000,0
20101115 035849000,276.280000,276.430000,0
20101115 035849000,276.270000,276.420000,0
20101115 035850000,276.290000,276.440000,0
20101115 035852000,276.300000,276.450000,0
20101115 035856000,276.290000,276.440000,0
20101115 035858000,276.300000,276.450000,0
20101115 035905000,276.280000,276.430000,0
20101115 035924000,276.290000,276.440000,0
20101115 035925000,276.280000,276.430000,0
20101115 035925000,276.290000,276.440000,0
20101115 035925000,276.280000,276.430000,0
20101115 035927000,276.290000,276.440000,0
20101115 035927000,276.280000,276.430000,0
20101115 035929000,276.290000,276.440000,0
20101115 035937000,276.310000,276.460000,0
20101115 035940000,276.300000,276.450000,0
20101115 035943000,276.280000,276.430000,0
20101115 035946000,276.300000,276.450000,0
20101115 035948000,276.290000,276.440000,0
20101115 040018000,276.280000,276.430000,0
20101115 040126000,276.250000,276.400000,0
20101115 040205000,276.280000,276.430000,0
20101115 040209000,276.310000,276.460000,0
20101115 040210000,276.330000,276.480000,0
20101115 040210000,276.430000,276.580000,0
20101115 040214000,276.330000,276.480000,0
20101115 040214000,276.320000,276.470000,0
20101115 040506000,276.330000,276.480000,0
20101115 040506000,276.340000,276.490000,0
20101115 040509000,276.350000,276.500000,0
20101115 040524000,276.340000,276.490000,0
20101115 040525000,276.330000,276.480000,0
20101115 040551000,276.300000,276.450000,0
20101115 040552000,276.310000,276.460000,0
20101115 040602000,276.330000,276.480000,0
20101115 040639000,276.300000,276.450000,0
20101115 040640000,276.310000,276.460000,0
20101115 040642000,276.300000,276.450000,0
20101115 040642000,276.330000,276.480000,0
20101115 040748000,276.300000,276.450000,0
20101115 040752000,276.330000,276.480000,0
20101115 041505000,276.290000,276.440000,0
20101115 041506000,276.280000,276.430000,0
20101115 041512000,276.260000,276.410000,0
20101115 041517000,276.270000,276.420000,0
20101115 041517000,276.280000,276.430000,0
20101115 041534000,276.260000,276.410000,0
20101115 041650000,276.370000,276.520000,0
20101115 041650000,276.380000,276.530000,0
20101115 041658000,276.430000,276.580000,0
20101115 041708000,276.460000,276.610000,0
20101115 041709000,276.480000,276.630000,0
20101115 041728000,276.430000,276.580000,0
20101115 041837000,276.450000,276.600000,0
20101115 041841000,276.430000,276.580000,0
20101115 041851000,276.420000,276.570000,0
20101115 041853000,276.400000,276.550000,0
20101115 041853000,276.410000,276.560000,0
20101115 041910000,276.260000,276.410000,0
20101115 041910000,276.290000,276.440000,0
20101115 041910000,276.320000,276.470000,0
20101115 041911000,276.330000,276.480000,0
20101115 041917000,276.350000,276.500000,0
20101115 041938000,276.390000,276.540000,0
20101115 041938000,276.450000,276.600000,0
20101115 041939000,276.480000,276.630000,0
20101115 041950000,276.370000,276.520000,0
20101115 041951000,276.360000,276.510000,0
20101115 042031000,276.350000,276.500000,0
20101115 042322000,276.330000,276.480000,0
20101115 042323000,276.320000,276.470000,0
20101115 042444000,276.390000,276.540000,0
20101115 042444000,276.400000,276.550000,0
20101115 042450000,276.390000,276.540000,0
20101115 042500000,276.380000,276.530000,0
20101115 042502000,276.400000,276.550000,0
20101115 042513000,276.440000,276.590000,0
20101115 042519000,276.400000,276.550000,0
20101115 042519000,276.500000,276.650000,0
20101115 042520000,276.460000,276.610000,0
20101115 042520000,276.440000,276.590000,0
20101115 042521000,276.420000,276.570000,0
20101115 042523000,276.470000,276.620000,0
20101115 042525000,276.520000,276.670000,0
20101115 042526000,276.550000,276.700000,0
20101115 042526000,276.560000,276.710000,0
20101115 042541000,276.530000,276.680000,0
20101115 042541000,276.480000,276.630000,0
20101115 042542000,276.460000,276.610000,0
20101115 042559000,276.470000,276.620000,0
20101115 042601000,276.460000,276.610000,0
20101115 042603000,276.470000,276.620000,0
20101115 042619000,276.460000,276.610000,0
20101115 042620000,276.450000,276.600000,0
20101115 042620000,276.440000,276.590000,0
20101115 042638000,276.410000,276.560000,0
20101115 042657000,276.400000,276.550000,0
20101115 042658000,276.370000,276.520000,0
20101115 042659000,276.330000,276.480000,0
20101115 042709000,276.380000,276.530000,0
20101115 042709000,276.330000,276.480000,0
20101115 042710000,276.320000,276.470000,0
20101115 042710000,276.300000,276.450000,0
20101115 042713000,276.230000,276.380000,0
20101115 042746000,276.210000,276.360000,0
20101115 042749000,276.160000,276.310000,0
20101115 042749000,276.150000,276.300000,0
20101115 042755000,276.110000,276.260000,0
20101115 042810000,276.080000,276.230000,0
20101115 042813000,276.090000,276.240000,0
20101115 042813000,276.110000,276.260000,0
20101115 042919000,276.090000,276.240000,0
20101115 042939000,276.170000,276.320000,0
20101115 043028000,276.190000,276.340000,0
20101115 043119000,276.230000,276.380000,0
20101115 043158000,276.250000,276.400000,0
20101115 043159000,276.260000,276.410000,0
20101115 043159000,276.250000,276.400000,0
20101115 043242000,276.270000,276.420000,0
20101115 043243000,276.300000,276.450000,0
20101115 043257000,276.250000,276.400000,0
20101115 043359000,276.280000,276.430000,0
20101115 043606000,276.330000,276.480000,0
20101115 043705000,276.400000,276.550000,0
20101115 043706000,276.410000,276.560000,0
20101115 044117000,276.400000,276.550000,0
20101115 044147000,276.410000,276.560000,0
20101115 044242000,276.400000,276.550000,0
20101115 044242000,276.390000,276.540000,0
20101115 044856000,276.410000,276.560000,0
20101115 045007000,276.380000,276.530000,0
20101115 045012000,276.350000,276.500000,0
20101115 045013000,276.330000,276.480000,0
20101115 045045000,276.350000,276.500000,0
20101115 045046000,276.360000,276.510000,0
20101115 045047000,276.370000,276.520000,0
20101115 045309000,276.380000,276.530000,0
20101115 045521000,276.390000,276.540000,0
20101115 045521000,276.400000,276.550000,0
20101115 045521000,276.390000,276.540000,0
20101115 045522000,276.370000,276.520000,0
20101115 045522000,276.380000,276.530000,0
20101115 045523000,276.400000,276.550000,0
20101115 045523000,276.380000,276.530000,0
20101115 045952000,276.370000,276.520000,0
20101115 050000000,276.380000,276.530000,0
20101115 050001000,276.390000,276.540000,0
20101115 050002000,276.380000,276.530000,0
20101115 050011000,276.440000,276.590000,0
20101115 050015000,276.430000,276.580000,0
20101115 050015000,276.410000,276.560000,0
20101115 050019000,276.420000,276.570000,0
20101115 050019000,276.440000,276.590000,0
20101115 050020000,276.450000,276.600000,0
20101115 050031000,276.480000,276.630000,0
20101115 050037000,276.470000,276.620000,0
20101115 050042000,276.420000,276.570000,0
20101115 050106000,276.410000,276.560000,0
20101115 050107000,276.420000,276.570000,0
20101115 050111000,276.430000,276.580000,0
20101115 050112000,276.420000,276.570000,0
20101115 050116000,276.430000,276.580000,0
20101115 050117000,276.440000,276.590000,0
20101115 050118000,276.420000,276.570000,0
20101115 050121000,276.430000,276.580000,0
20101115 050142000,276.420000,276.570000,0
20101115 050144000,276.430000,276.580000,0
20101115 050147000,276.420000,276.570000,0
20101115 050148000,276.430000,276.580000,0
20101115 050151000,276.420000,276.570000,0
20101115 050154000,276.430000,276.580000,0
20101115 050155000,276.420000,276.570000,0
20101115 050214000,276.410000,276.560000,0
20101115 050214000,276.420000,276.570000,0
20101115 050256000,276.410000,276.560000,0
20101115 050301000,276.400000,276.550000,0
20101115 050329000,276.390000,276.540000,0
20101115 050329000,276.400000,276.550000,0
20101115 050330000,276.390000,276.540000,0
20101115 050331000,276.400000,276.550000,0
20101115 050332000,276.390000,276.540000,0
20101115 050341000,276.380000,276.530000,0
20101115 050344000,276.390000,276.540000,0
20101115 050344000,276.380000,276.530000,0
20101115 050345000,276.390000,276.540000,0
20101115 050347000,276.380000,276.530000,0
20101115 050348000,276.390000,276.540000,0
20101115 050357000,276.380000,276.530000,0
20101115 050401000,276.390000,276.540000,0
20101115 050407000,276.400000,276.550000,0
20101115 050428000,276.390000,276.540000,0
20101115 050432000,276.380000,276.530000,0
20101115 050433000,276.390000,276.540000,0
20101115 050445000,276.400000,276.550000,0
20101115 050518000,276.390000,276.540000,0
20101115 050521000,276.400000,276.550000,0
20101115 050536000,276.410000,276.560000,0
20101115 050537000,276.400000,276.550000,0
20101115 050546000,276.410000,276.560000,0
20101115 050549000,276.400000,276.550000,0
20101115 050554000,276.410000,276.560000,0
20101115 050557000,276.400000,276.550000,0
20101115 050620000,276.410000,276.560000,0
20101115 050702000,276.420000,276.570000,0
20101115 050703000,276.410000,276.560000,0
20101115 050706000,276.420000,276.570000,0
20101115 050716000,276.410000,276.560000,0
20101115 050716000,276.420000,276.570000,0
20101115 050729000,276.410000,276.560000,0
20101115 050746000,276.420000,276.570000,0
20101115 050747000,276.410000,276.560000,0
20101115 050752000,276.400000,276.550000,0
20101115 050754000,276.410000,276.560000,0
20101115 050755000,276.420000,276.570000,0
20101115 050756000,276.390000,276.540000,0
20101115 050759000,276.400000,276.550000,0
20101115 050759000,276.420000,276.570000,0
20101115 050804000,276.400000,276.550000,0
20101115 050818000,276.410000,276.560000,0
20101115 050822000,276.400000,276.550000,0
20101115 050835000,276.420000,276.570000,0
20101115 050837000,276.430000,276.580000,0
20101115 050838000,276.420000,276.570000,0
20101115 050846000,276.430000,276.580000,0
20101115 050847000,276.420000,276.570000,0
20101115 050849000,276.430000,276.580000,0
20101115 050853000,276.440000,276.590000,0
20101115 050853000,276.430000,276.580000,0
20101115 050856000,276.420000,276.570000,0
20101115 050857000,276.430000,276.580000,0
20101115 050900000,276.350000,276.500000,0
20101115 050900000,276.330000,276.480000,0
20101115 050901000,276.360000,276.510000,0
20101115 050902000,276.380000,276.530000,0
20101115 050909000,276.400000,276.550000,0
20101115 050909000,276.410000,276.560000,0
20101115 050915000,276.390000,276.540000,0
20101115 050916000,276.400000,276.550000,0
20101115 050918000,276.410000,276.560000,0
20101115 050919000,276.420000,276.570000,0
20101115 050933000,276.410000,276.560000,0
20101115 050938000,276.400000,276.550000,0
20101115 050938000,276.410000,276.560000,0
20101115 050941000,276.420000,276.570000,0
20101115 050944000,276.410000,276.560000,0
20101115 050945000,276.420000,276.570000,0
20101115 050947000,276.400000,276.550000,0
20101115 050949000,276.410000,276.560000,0
20101115 050951000,276.420000,276.570000,0
20101115 050959000,276.410000,276.560000,0
20101115 050959000,276.420000,276.570000,0
20101115 051001000,276.410000,276.560000,0
20101115 051002000,276.420000,276.570000,0
20101115 051016000,276.430000,276.580000,0
20101115 051019000,276.420000,276.570000,0
20101115 051019000,276.390000,276.540000,0
20101115 051021000,276.400000,276.550000,0
20101115 051022000,276.410000,276.560000,0
20101115 051027000,276.380000,276.530000,0
20101115 051029000,276.390000,276.540000,0
20101115 051030000,276.370000,276.520000,0
20101115 051031000,276.360000,276.510000,0
20101115 051033000,276.300000,276.450000,0
20101115 051037000,276.280000,276.430000,0
20101115 051039000,276.270000,276.420000,0
20101115 051040000,276.280000,276.430000,0
20101115 051043000,276.330000,276.480000,0
20101115 051044000,276.350000,276.500000,0
20101115 051044000,276.360000,276.510000,0
20101115 051045000,276.380000,276.530000,0
20101115 051047000,276.370000,276.520000,0
20101115 051048000,276.380000,276.530000,0
20101115 051048000,276.390000,276.540000,0
20101115 051049000,276.400000,276.550000,0
20101115 051050000,276.360000,276.510000,0
20101115 051051000,276.370000,276.520000,0
20101115 051052000,276.400000,276.550000,0
20101115 051053000,276.410000,276.560000,0
20101115 051054000,276.390000,276.540000,0
20101115 051056000,276.400000,276.550000,0
20101115 051057000,276.320000,276.470000,0
20101115 051057000,276.310000,276.460000,0
20101115 051058000,276.290000,276.440000,0
20101115 051059000,276.340000,276.490000,0
20101115 051059000,276.360000,276.510000,0
20101115 051100000,276.370000,276.520000,0
20101115 051102000,276.380000,276.530000,0
20101115 051109000,276.390000,276.540000,0
20101115 051124000,276.400000,276.550000,0
20101115 051128000,276.390000,276.540000,0
20101115 051134000,276.400000,276.550000,0
20101115 051134000,276.390000,276.540000,0
20101115 051135000,276.400000,276.550000,0
20101115 051139000,276.410000,276.560000,0
20101115 051148000,276.400000,276.550000,0
20101115 051149000,276.380000,276.530000,0
20101115 051151000,276.390000,276.540000,0
20101115 051153000,276.380000,276.530000,0
20101115 051154000,276.350000,276.500000,0
20101115 051155000,276.370000,276.520000,0
20101115 051156000,276.360000,276.510000,0
20101115 051156000,276.380000,276.530000,0
20101115 051158000,276.390000,276.540000,0
20101115 051231000,276.400000,276.550000,0
20101115 051237000,276.390000,276.540000,0
20101115 051237000,276.400000,276.550000,0
20101115 051238000,276.390000,276.540000,0
20101115 051240000,276.380000,276.530000,0
20101115 051240000,276.390000,276.540000,0
20101115 051244000,276.380000,276.530000,0
20101115 051253000,276.390000,276.540000,0
20101115 051254000,276.380000,276.530000,0
20101115 051259000,276.440000,276.590000,0
20101115 051259000,276.400000,276.550000,0
20101115 051310000,276.410000,276.560000,0
20101115 051315000,276.400000,276.550000,0
20101115 051317000,276.410000,276.560000,0
20101115 051318000,276.400000,276.550000,0
20101115 051319000,276.410000,276.560000,0
20101115 051321000,276.420000,276.570000,0
20101115 051322000,276.430000,276.580000,0
20101115 051326000,276.410000,276.560000,0
20101115 051329000,276.420000,276.570000,0
20101115 051330000,276.410000,276.560000,0
20101115 051336000,276.440000,276.590000,0
20101115 051337000,276.460000,276.610000,0
20101115 051339000,276.420000,276.570000,0
20101115 051339000,276.410000,276.560000,0
20101115 051349000,276.430000,276.580000,0
20101115 051404000,276.440000,276.590000,0
20101115 051405000,276.450000,276.600000,0
20101115 051407000,276.440000,276.590000,0
20101115 051409000,276.450000,276.600000,0
20101115 051413000,276.440000,276.590000,0
20101115 051420000,276.430000,276.580000,0
20101115 051420000,276.420000,276.570000,0
20101115 051422000,276.430000,276.580000,0
20101115 051425000,276.440000,276.590000,0
20101115 051426000,276.430000,276.580000,0
20101115 051427000,276.460000,276.610000,0
20101115 051429000,276.430000,276.580000,0
20101115 051438000,276.420000,276.570000,0
20101115 051443000,276.430000,276.580000,0
20101115 051456000,276.440000,276.590000,0
20101115 051457000,276.430000,276.580000,0
20101115 051459000,276.440000,276.590000,0
20101115 051504000,276.430000,276.580000,0
20101115 051504000,276.440000,276.590000,0
20101115 051508000,276.430000,276.580000,0
20101115 051519000,276.440000,276.590000,0
20101115 051529000,276.430000,276.580000,0
20101115 051530000,276.440000,276.590000,0
20101115 051545000,276.430000,276.580000,0
20101115 051546000,276.420000,276.570000,0
20101115 051602000,276.410000,276.560000,0
20101115 051602000,276.420000,276.570000,0
20101115 051609000,276.430000,276.580000,0
20101115 051625000,276.440000,276.590000,0
20101115 051647000,276.430000,276.580000,0
20101115 051727000,276.420000,276.570000,0
20101115 051803000,276.410000,276.560000,0
20101115 051809000,276.420000,276.570000,0
20101115 051813000,276.410000,276.560000,0
20101115 051819000,276.400000,276.550000,0
20101115 051819000,276.390000,276.540000,0
20101115 051821000,276.360000,276.510000,0
20101115 051822000,276.370000,276.520000,0
20101115 051826000,276.380000,276.530000,0
20101115 051834000,276.370000,276.520000,0
20101115 051835000,276.380000,276.530000,0
20101115 051836000,276.370000,276.520000,0
20101115 051855000,276.360000,276.510000,0
20101115 051855000,276.370000,276.520000,0
20101115 051901000,276.360000,276.510000,0
20101115 051902000,276.370000,276.520000,0
20101115 051904000,276.380000,276.530000,0
20101115 051908000,276.370000,276.520000,0
20101115 051909000,276.380000,276.530000,0
20101115 051926000,276.370000,276.520000,0
20101115 051928000,276.380000,276.530000,0
20101115 051930000,276.370000,276.520000,0
20101115 051932000,276.380000,276.530000,0
20101115 052001000,276.390000,276.540000,0
20101115 052001000,276.380000,276.530000,0
20101115 052007000,276.390000,276.540000,0
20101115 052015000,276.380000,276.530000,0
20101115 052028000,276.390000,276.540000,0
20101115 052033000,276.380000,276.530000,0
20101115 052033000,276.390000,276.540000,0
20101115 052202000,276.380000,276.530000,0
20101115 052210000,276.370000,276.520000,0
20101115 052210000,276.380000,276.530000,0
20101115 052211000,276.370000,276.520000,0
20101115 052213000,276.380000,276.530000,0
20101115 052221000,276.390000,276.540000,0
20101115 052223000,276.380000,276.530000,0
20101115 052229000,276.390000,276.540000,0
20101115 052230000,276.380000,276.530000,0
20101115 052230000,276.390000,276.540000,0
20101115 052232000,276.400000,276.550000,0
20101115 052234000,276.380000,276.530000,0
20101115 052236000,276.370000,276.520000,0
20101115 052237000,276.380000,276.530000,0
20101115 052240000,276.360000,276.510000,0
20101115 052240000,276.340000,276.490000,0
20101115 052252000,276.350000,276.500000,0
20101115 052259000,276.340000,276.490000,0
20101115 052259000,276.350000,276.500000,0
20101115 052315000,276.330000,276.480000,0
20101115 052315000,276.340000,276.490000,0
20101115 052320000,276.320000,276.470000,0
20101115 052321000,276.330000,276.480000,0
20101115 052322000,276.320000,276.470000,0
20101115 052508000,276.330000,276.480000,0
20101115 052524000,276.320000,276.470000,0
20101115 052547000,276.330000,276.480000,0
20101115 052603000,276.340000,276.490000,0
20101115 052604000,276.330000,276.480000,0
20101115 052617000,276.320000,276.470000,0
20101115 052631000,276.330000,276.480000,0
20101115 052634000,276.320000,276.470000,0
20101115 052642000,276.330000,276.480000,0
20101115 052704000,276.320000,276.470000,0
20101115 052722000,276.330000,276.480000,0
20101115 052722000,276.320000,276.470000,0
20101115 052747000,276.330000,276.480000,0
20101115 052748000,276.320000,276.470000,0
20101115 052749000,276.330000,276.480000,0
20101115 052834000,276.320000,276.470000,0
20101115 052840000,276.330000,276.480000,0
20101115 052841000,276.320000,276.470000,0
20101115 052842000,276.330000,276.480000,0
20101115 052902000,276.320000,276.470000,0
20101115 052903000,276.330000,276.480000,0
20101115 052910000,276.320000,276.470000,0
20101115 052913000,276.330000,276.480000,0
20101115 052914000,276.320000,276.470000,0
20101115 052923000,276.330000,276.480000,0
20101115 052939000,276.340000,276.490000,0
20101115 052951000,276.330000,276.480000,0
20101115 052953000,276.340000,276.490000,0
20101115 052953000,276.330000,276.480000,0
20101115 052953000,276.340000,276.490000,0
20101115 052954000,276.330000,276.480000,0
20101115 052956000,276.340000,276.490000,0
20101115 052959000,276.350000,276.500000,0
20101115 053000000,276.340000,276.490000,0
20101115 053019000,276.350000,276.500000,0
20101115 053019000,276.360000,276.510000,0
20101115 053020000,276.350000,276.500000,0
20101115 053027000,276.340000,276.490000,0
20101115 053030000,276.350000,276.500000,0
20101115 053030000,276.340000,276.490000,0
20101115 053100000,276.350000,276.500000,0
20101115 053101000,276.340000,276.490000,0
20101115 053103000,276.350000,276.500000,0
20101115 053103000,276.340000,276.490000,0
20101115 053105000,276.350000,276.500000,0
20101115 053107000,276.340000,276.490000,0
20101115 053110000,276.350000,276.500000,0
20101115 053113000,276.360000,276.510000,0
20101115 053116000,276.350000,276.500000,0
20101115 053117000,276.360000,276.510000,0
20101115 053120000,276.390000,276.540000,0
20101115 053121000,276.400000,276.550000,0
20101115 053122000,276.410000,276.560000,0
20101115 053123000,276.380000,276.530000,0
20101115 053123000,276.370000,276.520000,0
20101115 053146000,276.360000,276.510000,0
20101115 053147000,276.380000,276.530000,0
20101115 053147000,276.390000,276.540000,0
20101115 053148000,276.380000,276.530000,0
20101115 053149000,276.370000,276.520000,0
20101115 053152000,276.360000,276.510000,0
20101115 053152000,276.370000,276.520000,0
20101115 053154000,276.360000,276.510000,0
20101115 053155000,276.370000,276.520000,0
20101115 053206000,276.360000,276.510000,0
20101115 053211000,276.370000,276.520000,0
20101115 053217000,276.360000,276.510000,0
20101115 053218000,276.350000,276.500000,0
20101115 053220000,276.360000,276.510000,0
20101115 053223000,276.370000,276.520000,0
20101115 053226000,276.360000,276.510000,0
20101115 053233000,276.370000,276.520000,0
20101115 053234000,276.360000,276.510000,0
20101115 053242000,276.370000,276.520000,0
20101115 053310000,276.400000,276.550000,0
20101115 053312000,276.410000,276.560000,0
20101115 053326000,276.400000,276.550000,0
20101115 053327000,276.410000,276.560000,0
20101115 053330000,276.400000,276.550000,0
20101115 053332000,276.410000,276.560000,0
20101115 053333000,276.400000,276.550000,0
20101115 053335000,276.410000,276.560000,0
20101115 053339000,276.400000,276.550000,0
20101115 053340000,276.390000,276.540000,0
20101115 053341000,276.400000,276.550000,0
20101115 053346000,276.390000,276.540000,0
20101115 053401000,276.400000,276.550000,0
20101115 053403000,276.390000,276.540000,0
20101115 053416000,276.380000,276.530000,0
20101115 053424000,276.390000,276.540000,0
20101115 053528000,276.400000,276.550000,0
20101115 053528000,276.390000,276.540000,0
20101115 053534000,276.400000,276.550000,0
20101115 053534000,276.390000,276.540000,0
20101115 053542000,276.400000,276.550000,0
20101115 053548000,276.410000,276.560000,0
20101115 053549000,276.420000,276.570000,0
20101115 053551000,276.400000,276.550000,0
20101115 053551000,276.390000,276.540000,0
20101115 053552000,276.410000,276.560000,0
20101115 053555000,276.400000,276.550000,0
20101115 053555000,276.390000,276.540000,0
20101115 053556000,276.400000,276.550000,0
20101115 053602000,276.390000,276.540000,0
20101115 053605000,276.400000,276.550000,0
20101115 053609000,276.410000,276.560000,0
20101115 053610000,276.380000,276.530000,0
20101115 053615000,276.370000,276.520000,0
20101115 053617000,276.380000,276.530000,0
20101115 053619000,276.390000,276.540000,0
20101115 053636000,276.380000,276.530000,0
20101115 053640000,276.370000,276.520000,0
20101115 053640000,276.380000,276.530000,0
20101115 053641000,276.390000,276.540000,0
20101115 053643000,276.380000,276.530000,0
20101115 053657000,276.370000,276.520000,0
20101115 053658000,276.360000,276.510000,0
20101115 053701000,276.370000,276.520000,0
20101115 053702000,276.380000,276.530000,0
20101115 053708000,276.360000,276.510000,0
20101115 053709000,276.370000,276.520000,0
20101115 053711000,276.380000,276.530000,0
20101115 053715000,276.360000,276.510000,0
20101115 053715000,276.370000,276.520000,0
20101115 053717000,276.360000,276.510000,0
20101115 053719000,276.370000,276.520000,0
20101115 053719000,276.360000,276.510000,0
20101115 053720000,276.370000,276.520000,0
20101115 053725000,276.380000,276.530000,0
20101115 053726000,276.370000,276.520000,0
20101115 053742000,276.380000,276.530000,0
20101115 053745000,276.370000,276.520000,0
20101115 053811000,276.380000,276.530000,0
20101115 053824000,276.390000,276.540000,0
20101115 053826000,276.380000,276.530000,0
20101115 053851000,276.390000,276.540000,0
20101115 053851000,276.400000,276.550000,0
20101115 053854000,276.410000,276.560000,0
20101115 053857000,276.400000,276.550000,0
20101115 053858000,276.380000,276.530000,0
20101115 053859000,276.390000,276.540000,0
20101115 053900000,276.380000,276.530000,0
20101115 053901000,276.370000,276.520000,0
20101115 053903000,276.380000,276.530000,0
20101115 053907000,276.390000,276.540000,0
20101115 053907000,276.380000,276.530000,0
20101115 053909000,276.370000,276.520000,0
20101115 053919000,276.380000,276.530000,0
20101115 053920000,276.370000,276.520000,0
20101115 053921000,276.360000,276.510000,0
20101115 053921000,276.370000,276.520000,0
20101115 053921000,276.380000,276.530000,0
20101115 053922000,276.390000,276.540000,0
20101115 053922000,276.370000,276.520000,0
20101115 053923000,276.360000,276.510000,0
20101115 053923000,276.370000,276.520000,0
20101115 053927000,276.380000,276.530000,0
20101115 053931000,276.370000,276.520000,0
20101115 053931000,276.380000,276.530000,0
20101115 053932000,276.370000,276.520000,0
20101115 053933000,276.380000,276.530000,0
20101115 053933000,276.360000,276.510000,0
20101115 053933000,276.370000,276.520000,0
20101115 053941000,276.380000,276.530000,0
20101115 053958000,276.370000,276.520000,0
20101115 053959000,276.380000,276.530000,0
20101115 054011000,276.390000,276.540000,0
20101115 054012000,276.400000,276.550000,0
20101115 054014000,276.410000,276.560000,0
20101115 054016000,276.400000,276.550000,0
20101115 054019000,276.390000,276.540000,0
20101115 054020000,276.400000,276.550000,0
20101115 054024000,276.410000,276.560000,0
20101115 054025000,276.420000,276.570000,0
20101115 054027000,276.430000,276.580000,0
20101115 054040000,276.420000,276.570000,0
20101115 054040000,276.430000,276.580000,0
20101115 054048000,276.440000,276.590000,0
20101115 054049000,276.430000,276.580000,0
20101115 054053000,276.420000,276.570000,0
20101115 054054000,276.440000,276.590000,0
20101115 054100000,276.430000,276.580000,0
20101115 054114000,276.440000,276.590000,0
20101115 054115000,276.430000,276.580000,0
20101115 054116000,276.440000,276.590000,0
20101115 054116000,276.430000,276.580000,0
20101115 054116000,276.440000,276.590000,0
20101115 054117000,276.430000,276.580000,0
20101115 054125000,276.440000,276.590000,0
20101115 054126000,276.430000,276.580000,0
20101115 054129000,276.420000,276.570000,0
20101115 054129000,276.430000,276.580000,0
20101115 054137000,276.420000,276.570000,0
20101115 054159000,276.410000,276.560000,0
20101115 054200000,276.420000,276.570000,0
20101115 054204000,276.410000,276.560000,0
20101115 054205000,276.420000,276.570000,0
20101115 054210000,276.410000,276.560000,0
20101115 054210000,276.420000,276.570000,0
20101115 054228000,276.410000,276.560000,0
20101115 054249000,276.420000,276.570000,0
20101115 054251000,276.430000,276.580000,0
20101115 054258000,276.440000,276.590000,0
20101115 054259000,276.430000,276.580000,0
20101115 054302000,276.440000,276.590000,0
20101115 054305000,276.430000,276.580000,0
20101115 054317000,276.440000,276.590000,0
20101115 054319000,276.430000,276.580000,0
20101115 054323000,276.420000,276.570000,0
20101115 054323000,276.450000,276.600000,0
20101115 054323000,276.470000,276.620000,0
20101115 054325000,276.480000,276.630000,0
20101115 054325000,276.450000,276.600000,0
20101115 054325000,276.440000,276.590000,0
20101115 054352000,276.450000,276.600000,0
20101115 054352000,276.440000,276.590000,0
20101115 054410000,276.450000,276.600000,0
20101115 054411000,276.440000,276.590000,0
20101115 054412000,276.430000,276.580000,0
20101115 054413000,276.440000,276.590000,0
20101115 054414000,276.450000,276.600000,0
20101115 054423000,276.440000,276.590000,0
20101115 054432000,276.450000,276.600000,0
20101115 054449000,276.460000,276.610000,0
20101115 054450000,276.450000,276.600000,0
20101115 054451000,276.440000,276.590000,0
20101115 054456000,276.480000,276.630000,0
20101115 054457000,276.490000,276.640000,0
20101115 054459000,276.500000,276.650000,0
20101115 054459000,276.490000,276.640000,0
20101115 054500000,276.470000,276.620000,0
20101115 054500000,276.460000,276.610000,0
20101115 054501000,276.470000,276.620000,0
20101115 054514000,276.480000,276.630000,0
20101115 054531000,276.490000,276.640000,0
20101115 054532000,276.480000,276.630000,0
20101115 054534000,276.490000,276.640000,0
20101115 054604000,276.510000,276.660000,0
20101115 054608000,276.500000,276.650000,0
20101115 054610000,276.510000,276.660000,0
20101115 054610000,276.520000,276.670000,0
20101115 054634000,276.530000,276.680000,0
20101115 054635000,276.540000,276.690000,0
20101115 054644000,276.530000,276.680000,0
20101115 054652000,276.520000,276.670000,0
20101115 054701000,276.530000,276.680000,0
20101115 054712000,276.520000,276.670000,0
20101115 054714000,276.530000,276.680000,0
20101115 054714000,276.520000,276.670000,0
20101115 054735000,276.510000,276.660000,0
20101115 054735000,276.520000,276.670000,0
20101115 054744000,276.510000,276.660000,0
20101115 054749000,276.530000,276.680000,0
20101115 054750000,276.550000,276.700000,0
20101115 054751000,276.650000,276.800000,0
20101115 054751000,276.690000,276.840000,0
20101115 054752000,276.700000,276.850000,0
20101115 054758000,276.680000,276.830000,0
20101115 054758000,276.600000,276.750000,0
20101115 054759000,276.610000,276.760000,0
20101115 054808000,276.600000,276.750000,0
20101115 054852000,276.590000,276.740000,0
20101115 054935000,276.570000,276.720000,0
20101115 054939000,276.560000,276.710000,0
20101115 054941000,276.570000,276.720000,0
20101115 054945000,276.580000,276.730000,0
20101115 054952000,276.590000,276.740000,0
20101115 054955000,276.580000,276.730000,0
20101115 055004000,276.570000,276.720000,0
20101115 055025000,276.560000,276.710000,0
20101115 055027000,276.570000,276.720000,0
20101115 055028000,276.560000,276.710000,0
20101115 055031000,276.550000,276.700000,0
20101115 055032000,276.560000,276.710000,0
20101115 055034000,276.570000,276.720000,0
20101115 055036000,276.580000,276.730000,0
20101115 055038000,276.560000,276.710000,0
20101115 055045000,276.570000,276.720000,0
20101115 055059000,276.580000,276.730000,0
20101115 055104000,276.570000,276.720000,0
20101115 055121000,276.560000,276.710000,0
20101115 055122000,276.550000,276.700000,0
20101115 055129000,276.570000,276.720000,0
20101115 055129000,276.580000,276.730000,0
20101115 055138000,276.550000,276.700000,0
20101115 055139000,276.580000,276.730000,0
20101115 055139000,276.600000,276.750000,0
20101115 055141000,276.590000,276.740000,0
20101115 055150000,276.540000,276.690000,0
20101115 055151000,276.610000,276.760000,0
20101115 055236000,276.560000,276.710000,0
20101115 055255000,276.530000,276.680000,0
20101115 055311000,276.570000,276.720000,0
20101115 055312000,276.600000,276.750000,0
20101115 055313000,276.580000,276.730000,0
20101115 055313000,276.530000,276.680000,0
20101115 055314000,276.590000,276.740000,0
20101115 055314000,276.610000,276.760000,0
20101115 055319000,276.620000,276.770000,0
20101115 055325000,276.540000,276.690000,0
20101115 055325000,276.530000,276.680000,0
20101115 055334000,276.540000,276.690000,0
20101115 055339000,276.560000,276.710000,0
20101115 055352000,276.540000,276.690000,0
20101115 055440000,276.550000,276.700000,0
20101115 055441000,276.560000,276.710000,0
20101115 055443000,276.550000,276.700000,0
20101115 055455000,276.540000,276.690000,0
20101115 055545000,276.530000,276.680000,0
20101115 055546000,276.540000,276.690000,0
20101115 055548000,276.530000,276.680000,0
20101115 055607000,276.550000,276.700000,0
20101115 055607000,276.560000,276.710000,0
20101115 055733000,276.550000,276.700000,0
20101115 055743000,276.540000,276.690000,0
20101115 055743000,276.530000,276.680000,0
20101115 055754000,276.540000,276.690000,0
20101115 055935000,276.510000,276.660000,0
20101115 060145000,276.630000,276.780000,0
20101115 060145000,276.580000,276.730000,0
20101115 060146000,276.560000,276.710000,0
20101115 060608000,276.580000,276.730000,0
20101115 060627000,276.560000,276.710000,0
20101115 060921000,276.550000,276.700000,0
20101115 060922000,276.530000,276.680000,0
20101115 060945000,276.520000,276.670000,0
20101115 060946000,276.500000,276.650000,0
20101115 060949000,276.510000,276.660000,0
20101115 061010000,276.500000,276.650000,0
20101115 061403000,276.510000,276.660000,0
20101115 061744000,276.500000,276.650000,0
20101115 061817000,276.490000,276.640000,0
20101115 061840000,276.570000,276.720000,0
20101115 061841000,276.510000,276.660000,0
20101115 062043000,276.490000,276.640000,0
20101115 062105000,276.460000,276.610000,0
20101115 062609000,276.480000,276.630000,0
20101115 062723000,276.490000,276.640000,0
20101115 063008000,276.460000,276.610000,0
20101115 063045000,276.480000,276.630000,0
20101115 063052000,276.500000,276.650000,0
20101115 063052000,276.510000,276.660000,0
20101115 063242000,276.480000,276.630000,0
20101115 063514000,276.470000,276.620000,0
20101115 063515000,276.480000,276.630000,0
20101115 063541000,276.500000,276.650000,0
20101115 063642000,276.510000,276.660000,0
20101115 063726000,276.480000,276.630000,0
20101115 063727000,276.510000,276.660000,0
20101115 063733000,276.500000,276.650000,0
20101115 063735000,276.470000,276.620000,0
20101115 063741000,276.460000,276.610000,0
20101115 063823000,276.440000,276.590000,0
20101115 063837000,276.450000,276.600000,0
20101115 063845000,276.440000,276.590000,0
20101115 063919000,276.450000,276.600000,0
20101115 063939000,276.440000,276.590000,0
20101115 064139000,276.400000,276.550000,0
20101115 064139000,276.380000,276.530000,0
20101115 064152000,276.420000,276.570000,0
20101115 064234000,276.410000,276.560000,0
20101115 064500000,276.420000,276.570000,0
20101115 064510000,276.410000,276.560000,0
20101115 064628000,276.390000,276.540000,0
20101115 064654000,276.330000,276.480000,0
20101115 064700000,276.360000,276.510000,0
20101115 064700000,276.350000,276.500000,0
20101115 065203000,276.360000,276.510000,0
20101115 065412000,276.400000,276.550000,0
20101115 065412000,276.410000,276.560000,0
20101115 065754000,276.420000,276.570000,0
20101115 065836000,276.430000,276.580000,0
20101115 065937000,276.400000,276.550000,0
20101115 065938000,276.390000,276.540000,0
20101115 065944000,276.290000,276.440000,0
20101115 065944000,276.330000,276.480000,0
20101115 065944000,276.380000,276.530000,0
20101115 065945000,276.390000,276.540000,0
20101115 070003000,276.380000,276.530000,0
20101115 070004000,276.410000,276.560000,0
20101115 070004000,276.420000,276.570000,0
20101115 070007000,276.410000,276.560000,0
20101115 070012000,276.400000,276.550000,0
20101115 070017000,276.410000,276.560000,0
20101115 070023000,276.420000,276.570000,0
20101115 070026000,276.410000,276.560000,0
20101115 070026000,276.420000,276.570000,0
20101115 070030000,276.430000,276.580000,0
20101115 070032000,276.420000,276.570000,0
20101115 070033000,276.430000,276.580000,0
20101115 070035000,276.420000,276.570000,0
20101115 070035000,276.430000,276.580000,0
20101115 070037000,276.420000,276.570000,0
20101115 070046000,276.410000,276.560000,0
20101115 070047000,276.390000,276.540000,0
20101115 070047000,276.380000,276.530000,0
20101115 070110000,276.350000,276.500000,0
20101115 070219000,276.330000,276.480000,0
20101115 070426000,276.370000,276.520000,0
20101115 070427000,276.380000,276.530000,0
20101115 070535000,276.410000,276.560000,0
20101115 070537000,276.430000,276.580000,0
20101115 070552000,276.340000,276.490000,0
20101115 070553000,276.350000,276.500000,0
20101115 070617000,276.340000,276.490000,0
20101115 070619000,276.350000,276.500000,0
20101115 070619000,276.340000,276.490000,0
20101115 070619000,276.350000,276.500000,0
20101115 070623000,276.340000,276.490000,0
20101115 070739000,276.360000,276.510000,0
20101115 070739000,276.400000,276.550000,0
20101115 070740000,276.390000,276.540000,0
20101115 070746000,276.430000,276.580000,0
20101115 070747000,276.470000,276.620000,0
20101115 070806000,276.460000,276.610000,0
20101115 070806000,276.490000,276.640000,0
20101115 070807000,276.520000,276.670000,0
20101115 070807000,276.510000,276.660000,0
20101115 070809000,276.500000,276.650000,0
20101115 070836000,276.520000,276.670000,0
20101115 070837000,276.510000,276.660000,0
20101115 070851000,276.500000,276.650000,0
20101115 070856000,276.510000,276.660000,0
20101115 070856000,276.500000,276.650000,0
20101115 070857000,276.510000,276.660000,0
20101115 070909000,276.500000,276.650000,0
20101115 070921000,276.490000,276.640000,0
20101115 070924000,276.500000,276.650000,0
20101115 070935000,276.490000,276.640000,0
20101115 070936000,276.480000,276.630000,0
20101115 070937000,276.470000,276.620000,0
20101115 070942000,276.500000,276.650000,0
20101115 070942000,276.510000,276.660000,0
20101115 070942000,276.500000,276.650000,0
20101115 070947000,276.510000,276.660000,0
20101115 070948000,276.500000,276.650000,0
20101115 070950000,276.510000,276.660000,0
20101115 070950000,276.480000,276.630000,0
20101115 070953000,276.470000,276.620000,0
20101115 070953000,276.460000,276.610000,0
20101115 070955000,276.490000,276.640000,0
20101115 070955000,276.500000,276.650000,0
20101115 071016000,276.520000,276.670000,0
20101115 071017000,276.510000,276.660000,0
20101115 071018000,276.500000,276.650000,0
20101115 071019000,276.510000,276.660000,0
20101115 071023000,276.500000,276.650000,0
20101115 071025000,276.490000,276.640000,0
20101115 071033000,276.480000,276.630000,0
20101115 071034000,276.490000,276.640000,0
20101115 071034000,276.480000,276.630000,0
20101115 071050000,276.450000,276.600000,0
20101115 071051000,276.460000,276.610000,0
20101115 071051000,276.450000,276.600000,0
20101115 071051000,276.440000,276.590000,0
20101115 071057000,276.430000,276.580000,0
20101115 071101000,276.420000,276.570000,0
20101115 071102000,276.430000,276.580000,0
20101115 071103000,276.420000,276.570000,0
20101115 071103000,276.410000,276.560000,0
20101115 071103000,276.450000,276.600000,0
20101115 071104000,276.440000,276.590000,0
20101115 071108000,276.430000,276.580000,0
20101115 071110000,276.420000,276.570000,0
20101115 071110000,276.410000,276.560000,0
20101115 071111000,276.420000,276.570000,0
20101115 071111000,276.450000,276.600000,0
20101115 071119000,276.440000,276.590000,0
20101115 071120000,276.430000,276.580000,0
20101115 071121000,276.420000,276.570000,0
20101115 071127000,276.430000,276.580000,0
20101115 071131000,276.450000,276.600000,0
20101115 071131000,276.480000,276.630000,0
20101115 071134000,276.490000,276.640000,0
20101115 071135000,276.480000,276.630000,0
20101115 071135000,276.430000,276.580000,0
20101115 071137000,276.460000,276.610000,0
20101115 071137000,276.490000,276.640000,0
20101115 071139000,276.430000,276.580000,0
20101115 071140000,276.490000,276.640000,0
20101115 071202000,276.430000,276.580000,0
20101115 071204000,276.390000,276.540000,0
20101115 071204000,276.380000,276.530000,0
20101115 071215000,276.450000,276.600000,0
20101115 071215000,276.480000,276.630000,0
20101115 071218000,276.430000,276.580000,0
20101115 071220000,276.400000,276.550000,0
20101115 071221000,276.380000,276.530000,0
20101115 071223000,276.360000,276.510000,0
20101115 071224000,276.340000,276.490000,0
20101115 071224000,276.380000,276.530000,0
20101115 071225000,276.370000,276.520000,0
20101115 071227000,276.310000,276.460000,0
20101115 071227000,276.300000,276.450000,0
20101115 071228000,276.290000,276.440000,0
20101115 071245000,276.250000,276.400000,0
20101115 071247000,276.240000,276.390000,0
20101115 071247000,276.190000,276.340000,0
20101115 071248000,276.200000,276.350000,0
20101115 071248000,276.190000,276.340000,0
20101115 071257000,276.180000,276.330000,0
20101115 071257000,276.160000,276.310000,0
20101115 071301000,276.140000,276.290000,0
20101115 071301000,276.150000,276.300000,0
20101115 071311000,276.180000,276.330000,0
20101115 071311000,276.190000,276.340000,0
20101115 071316000,276.170000,276.320000,0
20101115 071322000,276.140000,276.290000,0
20101115 071509000,276.130000,276.280000,0
20101115 071515000,276.140000,276.290000,0
20101115 071516000,276.130000,276.280000,0
20101115 071522000,276.120000,276.270000,0
20101115 071523000,276.130000,276.280000,0
20101115 071547000,276.140000,276.290000,0
20101115 071549000,276.130000,276.280000,0
20101115 071549000,276.140000,276.290000,0
20101115 071551000,276.130000,276.280000,0
20101115 071552000,276.140000,276.290000,0
20101115 071552000,276.130000,276.280000,0
20101115 071553000,276.140000,276.290000,0
20101115 071554000,276.130000,276.280000,0
20101115 071555000,276.140000,276.290000,0
20101115 071556000,276.130000,276.280000,0
20101115 071556000,276.140000,276.290000,0
20101115 071559000,276.130000,276.280000,0
20101115 071559000,276.140000,276.290000,0
20101115 071609000,276.130000,276.280000,0
20101115 071616000,276.110000,276.260000,0
20101115 071617000,276.090000,276.240000,0
20101115 071851000,276.110000,276.260000,0
20101115 071921000,276.090000,276.240000,0
20101115 072031000,276.080000,276.230000,0
20101115 072031000,276.090000,276.240000,0
20101115 072032000,276.100000,276.250000,0
20101115 072032000,276.160000,276.310000,0
20101115 072032000,276.130000,276.280000,0
20101115 072052000,276.230000,276.380000,0
20101115 072057000,276.310000,276.460000,0
20101115 072058000,276.340000,276.490000,0
20101115 072058000,276.390000,276.540000,0
20101115 072219000,276.150000,276.300000,0
20101115 072219000,276.190000,276.340000,0
20101115 072220000,276.230000,276.380000,0
20101115 072220000,276.270000,276.420000,0
20101115 072221000,276.310000,276.460000,0
20101115 072222000,276.330000,276.480000,0
20101115 072427000,276.170000,276.320000,0
20101115 072427000,276.160000,276.310000,0
20101115 072429000,276.170000,276.320000,0
20101115 072431000,276.220000,276.370000,0
20101115 072432000,276.270000,276.420000,0
20101115 072432000,276.330000,276.480000,0
20101115 072443000,276.280000,276.430000,0
20101115 072635000,276.240000,276.390000,0
20101115 072635000,276.230000,276.380000,0
20101115 072636000,276.240000,276.390000,0
20101115 072637000,276.230000,276.380000,0
20101115 072759000,276.240000,276.390000,0
20101115 072850000,276.250000,276.400000,0
20101115 072905000,276.240000,276.390000,0
20101115 072926000,276.250000,276.400000,0
20101115 072952000,276.260000,276.410000,0
20101115 072955000,276.250000,276.400000,0
20101115 072956000,276.260000,276.410000,0
20101115 073014000,276.270000,276.420000,0
20101115 073015000,276.260000,276.410000,0
20101115 073015000,276.270000,276.420000,0
20101115 073018000,276.260000,276.410000,0
20101115 073020000,276.250000,276.400000,0
20101115 073020000,276.260000,276.410000,0
20101115 073021000,276.250000,276.400000,0
20101115 073033000,276.260000,276.410000,0
20101115 073036000,276.250000,276.400000,0
20101115 073059000,276.260000,276.410000,0
20101115 073104000,276.250000,276.400000,0
20101115 073109000,276.260000,276.410000,0
20101115 073122000,276.250000,276.400000,0
20101115 073123000,276.260000,276.410000,0
20101115 073123000,276.250000,276.400000,0
20101115 073124000,276.260000,276.410000,0
20101115 073124000,276.250000,276.400000,0
20101115 073125000,276.260000,276.410000,0
20101115 073126000,276.250000,276.400000,0
20101115 073128000,276.260000,276.410000,0
20101115 073133000,276.250000,276.400000,0
20101115 073136000,276.260000,276.410000,0
20101115 073139000,276.250000,276.400000,0
20101115 073143000,276.260000,276.410000,0
20101115 073210000,276.270000,276.420000,0
20101115 073219000,276.260000,276.410000,0
20101115 073223000,276.250000,276.400000,0
20101115 073323000,276.260000,276.410000,0
20101115 073323000,276.290000,276.440000,0
20101115 073325000,276.300000,276.450000,0
20101115 073326000,276.310000,276.460000,0
20101115 073359000,276.320000,276.470000,0
20101115 073405000,276.310000,276.460000,0
20101115 073408000,276.320000,276.470000,0
20101115 073412000,276.310000,276.460000,0
20101115 073421000,276.320000,276.470000,0
20101115 073454000,276.310000,276.460000,0
20101115 073505000,276.300000,276.450000,0
20101115 073556000,276.290000,276.440000,0
20101115 073608000,276.300000,276.450000,0
20101115 073609000,276.290000,276.440000,0
20101115 073614000,276.300000,276.450000,0
20101115 073620000,276.290000,276.440000,0
20101115 073620000,276.300000,276.450000,0
20101115 073628000,276.290000,276.440000,0
20101115 073632000,276.300000,276.450000,0
20101115 073633000,276.290000,276.440000,0
20101115 073753000,276.300000,276.450000,0
20101115 073756000,276.290000,276.440000,0
20101115 073756000,276.300000,276.450000,0
20101115 073758000,276.290000,276.440000,0
20101115 073758000,276.300000,276.450000,0
20101115 073759000,276.290000,276.440000,0
20101115 073800000,276.300000,276.450000,0
20101115 073801000,276.290000,276.440000,0
20101115 073802000,276.300000,276.450000,0
20101115 073805000,276.290000,276.440000,0
20101115 073813000,276.280000,276.430000,0
20101115 073813000,276.290000,276.440000,0
20101115 073815000,276.280000,276.430000,0
20101115 073820000,276.290000,276.440000,0
20101115 073821000,276.280000,276.430000,0
20101115 073822000,276.290000,276.440000,0
20101115 073823000,276.280000,276.430000,0
20101115 073833000,276.270000,276.420000,0
20101115 073850000,276.260000,276.410000,0
20101115 073851000,276.270000,276.420000,0
20101115 073851000,276.260000,276.410000,0
20101115 073906000,276.250000,276.400000,0
20101115 073906000,276.240000,276.390000,0
20101115 074001000,276.170000,276.320000,0
20101115 074005000,276.160000,276.310000,0
20101115 074006000,276.170000,276.320000,0
20101115 074007000,276.160000,276.310000,0
20101115 074008000,276.170000,276.320000,0
20101115 074049000,276.180000,276.330000,0
20101115 074145000,276.170000,276.320000,0
20101115 074149000,276.160000,276.310000,0
20101115 074151000,276.170000,276.320000,0
20101115 074211000,276.160000,276.310000,0
20101115 074248000,276.220000,276.370000,0
20101115 074249000,276.230000,276.380000,0
20101115 074308000,276.170000,276.320000,0
20101115 074309000,276.160000,276.310000,0
20101115 074312000,276.150000,276.300000,0
20101115 074322000,276.160000,276.310000,0
20101115 074335000,276.170000,276.320000,0
20101115 074336000,276.190000,276.340000,0
20101115 074406000,276.110000,276.260000,0
20101115 074406000,276.120000,276.270000,0
20101115 074412000,276.160000,276.310000,0
20101115 074421000,276.150000,276.300000,0
20101115 074427000,276.140000,276.290000,0
20101115 074443000,276.150000,276.300000,0
20101115 074507000,276.180000,276.330000,0
20101115 074508000,276.190000,276.340000,0
20101115 074529000,276.180000,276.330000,0
20101115 074548000,276.160000,276.310000,0
20101115 074647000,276.170000,276.320000,0
20101115 074715000,276.180000,276.330000,0
20101115 074715000,276.170000,276.320000,0
20101115 074718000,276.180000,276.330000,0
20101115 074721000,276.170000,276.320000,0
20101115 074727000,276.160000,276.310000,0
20101115 074751000,276.170000,276.320000,0
20101115 074751000,276.160000,276.310000,0
20101115 074752000,276.170000,276.320000,0
20101115 074753000,276.180000,276.330000,0
20101115 074758000,276.190000,276.340000,0
20101115 074758000,276.180000,276.330000,0
20101115 074803000,276.190000,276.340000,0
20101115 074810000,276.230000,276.380000,0
20101115 074811000,276.240000,276.390000,0
20101115 074811000,276.250000,276.400000,0
20101115 074811000,276.260000,276.410000,0
20101115 074839000,276.250000,276.400000,0
20101115 074840000,276.260000,276.410000,0
20101115 074902000,276.270000,276.420000,0
20101115 074915000,276.280000,276.430000,0
20101115 074933000,276.290000,276.440000,0
20101115 074934000,276.300000,276.450000,0
20101115 074936000,276.310000,276.460000,0
20101115 074944000,276.290000,276.440000,0
20101115 075138000,276.280000,276.430000,0
20101115 075138000,276.290000,276.440000,0
20101115 075144000,276.280000,276.430000,0
20101115 075209000,276.270000,276.420000,0
20101115 075254000,276.280000,276.430000,0
20101115 075255000,276.270000,276.420000,0
20101115 075257000,276.260000,276.410000,0
20101115 075257000,276.270000,276.420000,0
20101115 075300000,276.260000,276.410000,0
20101115 075311000,276.310000,276.460000,0
20101115 075313000,276.300000,276.450000,0
20101115 075314000,276.310000,276.460000,0
20101115 075316000,276.330000,276.480000,0
20101115 075419000,276.320000,276.470000,0
20101115 075421000,276.330000,276.480000,0
20101115 075422000,276.320000,276.470000,0
20101115 075423000,276.330000,276.480000,0
20101115 075423000,276.320000,276.470000,0
20101115 075432000,276.310000,276.460000,0
20101115 075433000,276.320000,276.470000,0
20101115 075434000,276.310000,276.460000,0
20101115 075440000,276.320000,276.470000,0
20101115 075446000,276.330000,276.480000,0
20101115 075448000,276.320000,276.470000,0
20101115 075448000,276.330000,276.480000,0
20101115 075449000,276.320000,276.470000,0
20101115 075450000,276.330000,276.480000,0
20101115 075500000,276.320000,276.470000,0
20101115 075505000,276.340000,276.490000,0
20101115 075506000,276.350000,276.500000,0
20101115 075509000,276.370000,276.520000,0
20101115 075509000,276.380000,276.530000,0
20101115 075511000,276.360000,276.510000,0
20101115 075512000,276.400000,276.550000,0
20101115 075512000,276.410000,276.560000,0
20101115 075637000,276.390000,276.540000,0
20101115 075637000,276.360000,276.510000,0
20101115 075752000,276.370000,276.520000,0
20101115 075752000,276.360000,276.510000,0
20101115 075752000,276.370000,276.520000,0
20101115 075800000,276.380000,276.530000,0
20101115 075958000,276.390000,276.540000,0
20101115 075959000,276.400000,276.550000,0
20101115 075959000,276.390000,276.540000,0
20101115 080001000,276.400000,276.550000,0
20101115 080014000,276.390000,276.540000,0
20101115 080021000,276.380000,276.530000,0
20101115 080025000,276.390000,276.540000,0
20101115 080035000,276.380000,276.530000,0
20101115 080046000,276.390000,276.540000,0
20101115 080406000,276.480000,276.630000,0
20101115 080407000,276.490000,276.640000,0
20101115 080407000,276.440000,276.590000,0
20101115 080407000,276.430000,276.580000,0
20101115 080929000,276.410000,276.560000,0
20101115 081137000,276.500000,276.650000,0
20101115 081137000,276.440000,276.590000,0
20101115 081139000,276.430000,276.580000,0
20101115 081146000,276.400000,276.550000,0
20101115 081147000,276.410000,276.560000,0
20101115 081648000,276.420000,276.570000,0
20101115 081747000,276.430000,276.580000,0
20101115 082221000,276.480000,276.630000,0
20101115 082222000,276.490000,276.640000,0
20101115 082222000,276.510000,276.660000,0
20101115 082302000,276.530000,276.680000,0
20101115 082306000,276.380000,276.530000,0
20101115 082318000,276.370000,276.520000,0
20101115 082318000,276.360000,276.510000,0
20101115 082411000,276.330000,276.480000,0
20101115 082441000,276.320000,276.470000,0
20101115 082628000,276.310000,276.460000,0
20101115 082630000,276.300000,276.450000,0
20101115 082633000,276.310000,276.460000,0
20101115 082650000,276.280000,276.430000,0
20101115 082711000,276.290000,276.440000,0
20101115 082725000,276.280000,276.430000,0
20101115 082852000,276.260000,276.410000,0
20101115 082918000,276.250000,276.400000,0
20101115 082919000,276.240000,276.390000,0
20101115 082930000,276.230000,276.380000,0
20101115 083032000,276.240000,276.390000,0
20101115 083044000,276.250000,276.400000,0
20101115 083111000,276.240000,276.390000,0
20101115 083113000,276.260000,276.410000,0
20101115 083225000,276.220000,276.370000,0
20101115 083226000,276.200000,276.350000,0
20101115 083411000,276.180000,276.330000,0
20101115 083422000,276.150000,276.300000,0
20101115 083423000,276.160000,276.310000,0
20101115 083445000,276.180000,276.330000,0
20101115 083451000,276.150000,276.300000,0
20101115 083452000,276.160000,276.310000,0
20101115 083525000,276.170000,276.320000,0
20101115 083525000,276.180000,276.330000,0
20101115 083533000,276.160000,276.310000,0
20101115 083542000,276.170000,276.320000,0
20101115 083543000,276.180000,276.330000,0
20101115 083644000,276.250000,276.400000,0
20101115 083644000,276.210000,276.360000,0
20101115 083651000,276.180000,276.330000,0
20101115 083749000,276.210000,276.360000,0
20101115 083759000,276.180000,276.330000,0
20101115 083919000,276.210000,276.360000,0
20101115 083951000,276.220000,276.370000,0
20101115 083952000,276.210000,276.360000,0
20101115 083952000,276.180000,276.330000,0
20101115 084018000,276.130000,276.280000,0
20101115 084019000,276.200000,276.350000,0
20101115 084019000,276.190000,276.340000,0
20101115 084522000,276.180000,276.330000,0
20101115 084532000,276.210000,276.360000,0
20101115 084538000,276.200000,276.350000,0
20101115 084540000,276.210000,276.360000,0
20101115 084600000,276.260000,276.410000,0
20101115 084600000,276.280000,276.430000,0
20101115 084601000,276.270000,276.420000,0
20101115 084941000,276.310000,276.460000,0
20101115 084942000,276.300000,276.450000,0
20101115 085357000,276.300000,276.450000,0
20101115 085437000,276.260000,276.410000,0
20101115 085438000,276.250000,276.400000,0
20101115 090119000,276.240000,276.390000,0
20101115 090126000,276.250000,276.400000,0
20101115 090127000,276.240000,276.390000,0
20101115 090129000,276.250000,276.400000,0
20101115 090129000,276.240000,276.390000,0
20101115 090132000,276.230000,276.380000,0
20101115 090133000,276.240000,276.390000,0
20101115 090133000,276.230000,276.380000,0
20101115 090141000,276.240000,276.390000,0
20101115 090142000,276.230000,276.380000,0
20101115 090144000,276.240000,276.390000,0
20101115 090147000,276.230000,276.380000,0
20101115 090152000,276.240000,276.390000,0
20101115 090157000,276.230000,276.380000,0
20101115 090200000,276.240000,276.390000,0
20101115 090201000,276.230000,276.380000,0
20101115 090219000,276.220000,276.370000,0
20101115 090220000,276.230000,276.380000,0
20101115 090220000,276.220000,276.370000,0
20101115 090222000,276.230000,276.380000,0
20101115 090235000,276.220000,276.370000,0
20101115 090239000,276.210000,276.360000,0
20101115 090316000,276.220000,276.370000,0
20101115 090326000,276.210000,276.360000,0
20101115 090327000,276.220000,276.370000,0
20101115 090330000,276.210000,276.360000,0
20101115 090330000,276.220000,276.370000,0
20101115 090331000,276.210000,276.360000,0
20101115 090331000,276.220000,276.370000,0
20101115 090332000,276.230000,276.380000,0
20101115 090333000,276.220000,276.370000,0
20101115 090334000,276.210000,276.360000,0
20101115 090335000,276.220000,276.370000,0
20101115 090338000,276.230000,276.380000,0
20101115 090339000,276.220000,276.370000,0
20101115 090343000,276.230000,276.380000,0
20101115 090437000,276.240000,276.390000,0
20101115 090439000,276.230000,276.380000,0
20101115 090439000,276.240000,276.390000,0
20101115 090440000,276.230000,276.380000,0
20101115 090454000,276.220000,276.370000,0
20101115 090455000,276.230000,276.380000,0
20101115 090456000,276.220000,276.370000,0
20101115 090457000,276.230000,276.380000,0
20101115 090502000,276.220000,276.370000,0
20101115 090518000,276.210000,276.360000,0
20101115 090519000,276.220000,276.370000,0
20101115 090534000,276.210000,276.360000,0
20101115 090536000,276.220000,276.370000,0
20101115 090536000,276.210000,276.360000,0
20101115 090538000,276.220000,276.370000,0
20101115 090538000,276.210000,276.360000,0
20101115 090539000,276.220000,276.370000,0
20101115 090539000,276.210000,276.360000,0
20101115 090540000,276.220000,276.370000,0
20101115 090541000,276.210000,276.360000,0
20101115 090541000,276.220000,276.370000,0
20101115 090546000,276.210000,276.360000,0
20101115 090548000,276.220000,276.370000,0
20101115 090551000,276.210000,276.360000,0
20101115 090551000,276.220000,276.370000,0
20101115 090553000,276.210000,276.360000,0
20101115 090555000,276.220000,276.370000,0
20101115 090612000,276.230000,276.380000,0
20101115 090642000,276.240000,276.390000,0
20101115 090642000,276.230000,276.380000,0
20101115 090658000,276.240000,276.390000,0
20101115 090703000,276.250000,276.400000,0
20101115 090707000,276.240000,276.390000,0
20101115 090707000,276.250000,276.400000,0
20101115 090710000,276.240000,276.390000,0
20101115 090714000,276.250000,276.400000,0
20101115 090714000,276.240000,276.390000,0
20101115 090717000,276.230000,276.380000,0
20101115 090718000,276.240000,276.390000,0
20101115 090737000,276.230000,276.380000,0
20101115 090801000,276.240000,276.390000,0
20101115 090834000,276.250000,276.400000,0
20101115 090901000,276.230000,276.380000,0
20101115 090901000,276.220000,276.370000,0
20101115 091153000,276.210000,276.360000,0
20101115 091254000,276.220000,276.370000,0
20101115 091254000,276.210000,276.360000,0
20101115 091257000,276.220000,276.370000,0
20101115 091257000,276.210000,276.360000,0
20101115 091258000,276.220000,276.370000,0
20101115 091311000,276.210000,276.360000,0
20101115 091312000,276.220000,276.370000,0
20101115 091318000,276.210000,276.360000,0
20101115 091320000,276.220000,276.370000,0
20101115 091338000,276.210000,276.360000,0
20101115 091340000,276.220000,276.370000,0
20101115 091341000,276.210000,276.360000,0
20101115 091350000,276.220000,276.370000,0
20101115 091352000,276.210000,276.360000,0
20101115 091354000,276.220000,276.370000,0
20101115 091354000,276.210000,276.360000,0
20101115 091437000,276.190000,276.340000,0
20101115 091458000,276.200000,276.350000,0
20101115 091514000,276.190000,276.340000,0
20101115 091528000,276.200000,276.350000,0
20101115 091528000,276.210000,276.360000,0
20101115 091554000,276.250000,276.400000,0
20101115 091600000,276.240000,276.390000,0
20101115 091602000,276.230000,276.380000,0
20101115 091615000,276.220000,276.370000,0
20101115 091617000,276.230000,276.380000,0
20101115 091617000,276.220000,276.370000,0
20101115 091623000,276.230000,276.380000,0
20101115 091625000,276.250000,276.400000,0
20101115 091630000,276.260000,276.410000,0
20101115 091631000,276.250000,276.400000,0
20101115 091632000,276.260000,276.410000,0
20101115 091637000,276.240000,276.390000,0
20101115 091640000,276.250000,276.400000,0
20101115 091640000,276.240000,276.390000,0
20101115 091641000,276.250000,276.400000,0
20101115 091649000,276.260000,276.410000,0
20101115 091650000,276.250000,276.400000,0
20101115 091650000,276.240000,276.390000,0
20101115 091710000,276.250000,276.400000,0
20101115 091714000,276.260000,276.410000,0
20101115 091714000,276.270000,276.420000,0
20101115 091720000,276.250000,276.400000,0
20101115 091723000,276.260000,276.410000,0
20101115 091742000,276.250000,276.400000,0
20101115 091747000,276.270000,276.420000,0
20101115 091747000,276.280000,276.430000,0
20101115 091748000,276.270000,276.420000,0
20101115 091753000,276.250000,276.400000,0
20101115 091806000,276.270000,276.420000,0
20101115 091815000,276.250000,276.400000,0
20101115 091859000,276.260000,276.410000,0
20101115 091900000,276.250000,276.400000,0
20101115 092143000,276.230000,276.380000,0
20101115 092144000,276.220000,276.370000,0
20101115 092205000,276.230000,276.380000,0
20101115 092219000,276.220000,276.370000,0
20101115 092234000,276.230000,276.380000,0
20101115 092235000,276.220000,276.370000,0
20101115 092310000,276.210000,276.360000,0
20101115 092355000,276.200000,276.350000,0
20101115 092405000,276.210000,276.360000,0
20101115 092425000,276.200000,276.350000,0
20101115 092427000,276.180000,276.330000,0
20101115 092430000,276.120000,276.270000,0
20101115 092523000,276.090000,276.240000,0
20101115 092855000,276.100000,276.250000,0
20101115 092855000,276.210000,276.360000,0
20101115 092859000,276.190000,276.340000,0
20101115 092859000,276.180000,276.330000,0
20101115 092911000,276.200000,276.350000,0
20101115 092912000,276.210000,276.360000,0
20101115 092919000,276.180000,276.330000,0
20101115 092920000,276.200000,276.350000,0
20101115 093149000,276.220000,276.370000,0
20101115 093149000,276.230000,276.380000,0
20101115 093157000,276.260000,276.410000,0
20101115 093204000,276.240000,276.390000,0
20101115 093205000,276.230000,276.380000,0
20101115 093207000,276.240000,276.390000,0
20101115 093208000,276.230000,276.380000,0
20101115 093214000,276.240000,276.390000,0
20101115 093216000,276.230000,276.380000,0
20101115 093217000,276.240000,276.390000,0
20101115 093218000,276.230000,276.380000,0
20101115 093224000,276.240000,276.390000,0
20101115 093224000,276.230000,276.380000,0
20101115 093225000,276.240000,276.390000,0
20101115 093227000,276.230000,276.380000,0
20101115 093228000,276.240000,276.390000,0
20101115 093230000,276.230000,276.380000,0
20101115 093235000,276.240000,276.390000,0
20101115 093254000,276.250000,276.400000,0
20101115 093256000,276.240000,276.390000,0
20101115 093257000,276.250000,276.400000,0
20101115 093257000,276.240000,276.390000,0
20101115 093320000,276.250000,276.400000,0
20101115 093324000,276.260000,276.410000,0
20101115 093324000,276.250000,276.400000,0
20101115 093327000,276.260000,276.410000,0
20101115 093327000,276.250000,276.400000,0
20101115 093341000,276.260000,276.410000,0
20101115 093342000,276.270000,276.420000,0
20101115 093343000,276.280000,276.430000,0
20101115 093346000,276.250000,276.400000,0
20101115 093346000,276.240000,276.390000,0
20101115 093349000,276.250000,276.400000,0
20101115 093350000,276.240000,276.390000,0
20101115 093351000,276.250000,276.400000,0
20101115 093402000,276.260000,276.410000,0
20101115 093406000,276.240000,276.390000,0
20101115 093407000,276.200000,276.350000,0
20101115 093407000,276.190000,276.340000,0
20101115 093433000,276.170000,276.320000,0
20101115 093434000,276.230000,276.380000,0
20101115 093436000,276.240000,276.390000,0
20101115 093437000,276.220000,276.370000,0
20101115 093437000,276.230000,276.380000,0
20101115 093439000,276.240000,276.390000,0
20101115 093442000,276.250000,276.400000,0
20101115 093443000,276.240000,276.390000,0
20101115 093447000,276.220000,276.370000,0
20101115 093448000,276.230000,276.380000,0
20101115 093452000,276.240000,276.390000,0
20101115 093453000,276.230000,276.380000,0
20101115 093455000,276.250000,276.400000,0
20101115 093459000,276.260000,276.410000,0
20101115 093504000,276.280000,276.430000,0
20101115 093602000,276.260000,276.410000,0
20101115 093620000,276.220000,276.370000,0
20101115 093621000,276.200000,276.350000,0
20101115 093621000,276.180000,276.330000,0
20101115 093710000,276.190000,276.340000,0
20101115 093714000,276.180000,276.330000,0
20101115 093716000,276.190000,276.340000,0
20101115 093718000,276.180000,276.330000,0
20101115 093811000,276.190000,276.340000,0
20101115 093812000,276.180000,276.330000,0
20101115 093812000,276.190000,276.340000,0
20101115 093813000,276.180000,276.330000,0
20101115 093826000,276.190000,276.340000,0
20101115 093826000,276.180000,276.330000,0
20101115 093902000,276.190000,276.340000,0
20101115 093907000,276.180000,276.330000,0
20101115 094002000,276.190000,276.340000,0
20101115 094002000,276.250000,276.400000,0
20101115 094003000,276.260000,276.410000,0
20101115 094004000,276.250000,276.400000,0
20101115 094007000,276.260000,276.410000,0
20101115 094017000,276.250000,276.400000,0
20101115 094018000,276.260000,276.410000,0
20101115 094038000,276.270000,276.420000,0
20101115 094042000,276.260000,276.410000,0
20101115 094046000,276.270000,276.420000,0
20101115 094049000,276.260000,276.410000,0
20101115 094050000,276.270000,276.420000,0
20101115 094116000,276.280000,276.430000,0
20101115 094117000,276.270000,276.420000,0
20101115 094122000,276.260000,276.410000,0
20101115 094128000,276.250000,276.400000,0
20101115 094129000,276.260000,276.410000,0
20101115 094146000,276.270000,276.420000,0
20101115 094146000,276.260000,276.410000,0
20101115 094148000,276.270000,276.420000,0
20101115 094151000,276.260000,276.410000,0
20101115 094153000,276.270000,276.420000,0
20101115 094153000,276.260000,276.410000,0
20101115 094157000,276.270000,276.420000,0
20101115 094159000,276.260000,276.410000,0
20101115 094210000,276.250000,276.400000,0
20101115 094211000,276.260000,276.410000,0
20101115 094235000,276.270000,276.420000,0
20101115 094236000,276.280000,276.430000,0
20101115 094236000,276.290000,276.440000,0
20101115 094237000,276.280000,276.430000,0
20101115 094246000,276.290000,276.440000,0
20101115 094247000,276.280000,276.430000,0
20101115 094248000,276.290000,276.440000,0
20101115 094257000,276.280000,276.430000,0
20101115 094258000,276.290000,276.440000,0
20101115 094258000,276.280000,276.430000,0
20101115 094304000,276.270000,276.420000,0
20101115 094304000,276.280000,276.430000,0
20101115 094307000,276.290000,276.440000,0
20101115 094400000,276.280000,276.430000,0
20101115 094402000,276.290000,276.440000,0
20101115 094402000,276.280000,276.430000,0
20101115 094403000,276.290000,276.440000,0
20101115 094432000,276.260000,276.410000,0
20101115 094445000,276.280000,276.430000,0
20101115 094445000,276.290000,276.440000,0
20101115 094546000,276.300000,276.450000,0
20101115 094547000,276.290000,276.440000,0
20101115 094548000,276.300000,276.450000,0
20101115 094549000,276.290000,276.440000,0
20101115 094552000,276.300000,276.450000,0
20101115 094553000,276.310000,276.460000,0
20101115 094555000,276.300000,276.450000,0
20101115 094558000,276.290000,276.440000,0
20101115 094638000,276.300000,276.450000,0
20101115 094648000,276.290000,276.440000,0
20101115 094903000,276.280000,276.430000,0
20101115 094946000,276.290000,276.440000,0
20101115 094948000,276.300000,276.450000,0
20101115 094953000,276.290000,276.440000,0
20101115 094955000,276.300000,276.450000,0
20101115 094955000,276.290000,276.440000,0
20101115 094956000,276.300000,276.450000,0
20101115 094956000,276.290000,276.440000,0
20101115 094957000,276.300000,276.450000,0
20101115 094958000,276.290000,276.440000,0
20101115 094959000,276.280000,276.430000,0
20101115 095003000,276.300000,276.450000,0
20101115 095005000,276.310000,276.460000,0
20101115 095017000,276.300000,276.450000,0
20101115 095021000,276.310000,276.460000,0
20101115 095026000,276.320000,276.470000,0
20101115 095029000,276.310000,276.460000,0
20101115 095032000,276.320000,276.470000,0
20101115 095035000,276.310000,276.460000,0
20101115 095103000,276.320000,276.470000,0
20101115 095107000,276.310000,276.460000,0
20101115 095111000,276.300000,276.450000,0
20101115 095145000,276.310000,276.460000,0
20101115 095150000,276.300000,276.450000,0
20101115 095258000,276.290000,276.440000,0
20101115 095259000,276.300000,276.450000,0
20101115 095458000,276.310000,276.460000,0
20101115 095458000,276.300000,276.450000,0
20101115 095500000,276.310000,276.460000,0
20101115 095500000,276.300000,276.450000,0
20101115 095502000,276.310000,276.460000,0
20101115 095502000,276.300000,276.450000,0
20101115 095504000,276.310000,276.460000,0
20101115 095508000,276.320000,276.470000,0
20101115 095522000,276.310000,276.460000,0
20101115 095527000,276.320000,276.470000,0
20101115 095534000,276.330000,276.480000,0
20101115 095541000,276.340000,276.490000,0
20101115 095548000,276.330000,276.480000,0
20101115 095551000,276.340000,276.490000,0
20101115 095553000,276.330000,276.480000,0
20101115 095555000,276.320000,276.470000,0
20101115 095557000,276.330000,276.480000,0
20101115 095559000,276.320000,276.470000,0
20101115 095604000,276.310000,276.460000,0
20101115 095605000,276.320000,276.470000,0
20101115 095607000,276.310000,276.460000,0
20101115 095607000,276.320000,276.470000,0
20101115 095612000,276.330000,276.480000,0
20101115 095620000,276.320000,276.470000,0
20101115 095622000,276.330000,276.480000,0
20101115 095644000,276.320000,276.470000,0
20101115 095644000,276.330000,276.480000,0
20101115 095644000,276.320000,276.470000,0
20101115 095649000,276.310000,276.460000,0
20101115 095649000,276.320000,276.470000,0
20101115 095700000,276.330000,276.480000,0
20101115 095710000,276.340000,276.490000,0
20101115 095712000,276.330000,276.480000,0
20101115 095752000,276.320000,276.470000,0
20101115 095757000,276.330000,276.480000,0
20101115 095801000,276.320000,276.470000,0
20101115 095818000,276.330000,276.480000,0
20101115 095819000,276.320000,276.470000,0
20101115 095827000,276.330000,276.480000,0
20101115 095832000,276.320000,276.470000,0
20101115 095832000,276.330000,276.480000,0
20101115 095842000,276.320000,276.470000,0
20101115 095915000,276.330000,276.480000,0
20101115 095919000,276.320000,276.470000,0
20101115 095921000,276.330000,276.480000,0
20101115 095922000,276.320000,276.470000,0
20101115 095924000,276.330000,276.480000,0
20101115 095929000,276.320000,276.470000,0
20101115 095930000,276.330000,276.480000,0
20101115 095931000,276.320000,276.470000,0
20101115 095940000,276.340000,276.490000,0
20101115 095940000,276.330000,276.480000,0
20101115 095940000,276.340000,276.490000,0
20101115 100000000,276.320000,276.470000,0
20101115 100049000,276.330000,276.480000,0
20101115 100050000,276.480000,276.630000,0
20101115 100050000,276.450000,276.600000,0
20101115 100050000,276.460000,276.610000,0
20101115 100326000,276.420000,276.570000,0
20101115 100327000,276.370000,276.520000,0
20101115 100521000,276.350000,276.500000,0
20101115 100737000,276.360000,276.510000,0
20101115 100738000,276.350000,276.500000,0
20101115 100752000,276.360000,276.510000,0
20101115 100806000,276.340000,276.490000,0
20101115 100806000,276.330000,276.480000,0
20101115 100936000,276.320000,276.470000,0
20101115 100942000,276.350000,276.500000,0
20101115 100948000,276.380000,276.530000,0
20101115 101007000,276.400000,276.550000,0
20101115 101007000,276.410000,276.560000,0
20101115 101025000,276.390000,276.540000,0
20101115 101137000,276.410000,276.560000,0
20101115 101150000,276.430000,276.580000,0
20101115 101151000,276.440000,276.590000,0
20101115 101155000,276.430000,276.580000,0
20101115 101156000,276.410000,276.560000,0
20101115 101314000,276.390000,276.540000,0
20101115 101334000,276.380000,276.530000,0
20101115 101334000,276.360000,276.510000,0
20101115 101418000,276.300000,276.450000,0
20101115 101419000,276.320000,276.470000,0
20101115 101419000,276.330000,276.480000,0
20101115 101426000,276.360000,276.510000,0
20101115 101427000,276.390000,276.540000,0
20101115 101427000,276.400000,276.550000,0
20101115 101502000,276.380000,276.530000,0
20101115 101707000,276.400000,276.550000,0
20101115 101709000,276.410000,276.560000,0
20101115 101928000,276.360000,276.510000,0
20101115 101938000,276.330000,276.480000,0
20101115 102142000,276.310000,276.460000,0
20101115 102143000,276.300000,276.450000,0
20101115 102417000,276.280000,276.430000,0
20101115 102630000,276.300000,276.450000,0
20101115 103153000,276.290000,276.440000,0
20101115 103311000,276.300000,276.450000,0
20101115 103408000,276.290000,276.440000,0
20101115 103748000,276.320000,276.470000,0
20101115 103914000,276.290000,276.440000,0
20101115 104030000,276.300000,276.450000,0
20101115 104031000,276.400000,276.550000,0
20101115 104032000,276.410000,276.560000,0
20101115 104033000,276.490000,276.640000,0
20101115 104034000,276.480000,276.630000,0
20101115 104034000,276.490000,276.640000,0
20101115 104054000,276.460000,276.610000,0
20101115 104130000,276.470000,276.620000,0
20101115 104214000,276.450000,276.600000,0
20101115 104223000,276.440000,276.590000,0
20101115 104223000,276.420000,276.570000,0
20101115 104252000,276.470000,276.620000,0
20101115 104304000,276.520000,276.670000,0
20101115 104306000,276.510000,276.660000,0
20101115 104309000,276.470000,276.620000,0
20101115 104317000,276.530000,276.680000,0
20101115 104317000,276.580000,276.730000,0
20101115 104318000,276.590000,276.740000,0
20101115 104320000,276.580000,276.730000,0
20101115 104321000,276.590000,276.740000,0
20101115 104321000,276.520000,276.670000,0
20101115 104323000,276.510000,276.660000,0
20101115 104332000,276.470000,276.620000,0
20101115 104357000,276.510000,276.660000,0
20101115 104400000,276.470000,276.620000,0
20101115 104426000,276.510000,276.660000,0
20101115 104427000,276.520000,276.670000,0
20101115 104428000,276.510000,276.660000,0
20101115 104454000,276.540000,276.690000,0
20101115 104607000,276.500000,276.650000,0
20101115 104636000,276.480000,276.630000,0
20101115 104636000,276.490000,276.640000,0
20101115 104637000,276.480000,276.630000,0
20101115 104638000,276.460000,276.610000,0
20101115 104643000,276.470000,276.620000,0
20101115 104646000,276.510000,276.660000,0
20101115 104646000,276.520000,276.670000,0
20101115 104647000,276.490000,276.640000,0
20101115 104648000,276.450000,276.600000,0
20101115 104658000,276.490000,276.640000,0
20101115 104713000,276.470000,276.620000,0
20101115 104738000,276.490000,276.640000,0
20101115 104816000,276.530000,276.680000,0
20101115 104817000,276.540000,276.690000,0
20101115 104935000,276.510000,276.660000,0
20101115 105058000,276.480000,276.630000,0
20101115 105106000,276.510000,276.660000,0
20101115 105111000,276.480000,276.630000,0
20101115 105119000,276.510000,276.660000,0
20101115 105123000,276.500000,276.650000,0
20101115 105123000,276.480000,276.630000,0
20101115 105125000,276.510000,276.660000,0
20101115 105125000,276.470000,276.620000,0
20101115 105133000,276.520000,276.670000,0
20101115 105134000,276.510000,276.660000,0
20101115 105213000,276.530000,276.680000,0
20101115 105213000,276.510000,276.660000,0
20101115 105245000,276.550000,276.700000,0
20101115 105245000,276.560000,276.710000,0
20101115 105251000,276.550000,276.700000,0
20101115 105255000,276.540000,276.690000,0
20101115 105325000,276.510000,276.660000,0
20101115 105333000,276.540000,276.690000,0
20101115 105339000,276.560000,276.710000,0
20101115 105452000,276.580000,276.730000,0
20101115 105909000,276.610000,276.760000,0
20101115 105909000,276.600000,276.750000,0
20101115 105936000,276.620000,276.770000,0
20101115 105937000,276.640000,276.790000,0
20101115 110003000,276.670000,276.820000,0
20101115 110012000,276.630000,276.780000,0
20101115 110013000,276.660000,276.810000,0
20101115 110013000,276.670000,276.820000,0
20101115 110023000,276.660000,276.810000,0
20101115 110023000,276.680000,276.830000,0
20101115 110034000,276.610000,276.760000,0
20101115 110044000,276.590000,276.740000,0
20101115 110204000,276.600000,276.750000,0
20101115 110206000,276.610000,276.760000,0
20101115 110206000,276.600000,276.750000,0
20101115 110217000,276.590000,276.740000,0
20101115 110314000,276.580000,276.730000,0
20101115 110314000,276.590000,276.740000,0
20101115 110405000,276.580000,276.730000,0
20101115 110406000,276.590000,276.740000,0
20101115 110514000,276.600000,276.750000,0
20101115 110945000,276.590000,276.740000,0
20101115 111323000,276.580000,276.730000,0
20101115 111337000,276.590000,276.740000,0
20101115 111341000,276.580000,276.730000,0
20101115 111405000,276.590000,276.740000,0
20101115 111407000,276.580000,276.730000,0
20101115 111421000,276.590000,276.740000,0
20101115 111421000,276.580000,276.730000,0
20101115 111447000,276.590000,276.740000,0
20101115 111447000,276.550000,276.700000,0
20101115 111448000,276.450000,276.600000,0
20101115 111501000,276.430000,276.580000,0
20101115 111820000,276.420000,276.570000,0
20101115 111821000,276.430000,276.580000,0
20101115 111821000,276.420000,276.570000,0
20101115 111824000,276.430000,276.580000,0
20101115 111825000,276.420000,276.570000,0
20101115 111843000,276.430000,276.580000,0
20101115 111844000,276.420000,276.570000,0
20101115 111848000,276.410000,276.560000,0
20101115 112003000,276.380000,276.530000,0
20101115 112117000,276.370000,276.520000,0
20101115 112123000,276.350000,276.500000,0
20101115 112125000,276.360000,276.510000,0
20101115 112136000,276.350000,276.500000,0
20101115 112138000,276.360000,276.510000,0
20101115 112148000,276.350000,276.500000,0
20101115 112228000,276.360000,276.510000,0
20101115 112238000,276.370000,276.520000,0
20101115 112240000,276.380000,276.530000,0
20101115 112503000,276.430000,276.580000,0
20101115 112720000,276.380000,276.530000,0
20101115 112802000,276.430000,276.580000,0
20101115 113105000,276.350000,276.500000,0
20101115 113106000,276.340000,276.490000,0
20101115 113108000,276.410000,276.560000,0
20101115 113111000,276.430000,276.580000,0
20101115 113141000,276.530000,276.680000,0
20101115 113141000,276.560000,276.710000,0
20101115 113142000,276.550000,276.700000,0
20101115 113209000,276.530000,276.680000,0
20101115 113242000,276.540000,276.690000,0
20101115 113254000,276.530000,276.680000,0
20101115 113340000,276.540000,276.690000,0
20101115 113342000,276.530000,276.680000,0
20101115 113344000,276.480000,276.630000,0
20101115 113345000,276.450000,276.600000,0
20101115 113354000,276.520000,276.670000,0
20101115 113355000,276.530000,276.680000,0
20101115 113420000,276.540000,276.690000,0
20101115 113507000,276.500000,276.650000,0
20101115 113508000,276.460000,276.610000,0
20101115 113508000,276.450000,276.600000,0
20101115 113534000,276.430000,276.580000,0
20101115 113536000,276.450000,276.600000,0
20101115 114037000,276.430000,276.580000,0
20101115 114044000,276.440000,276.590000,0
20101115 114045000,276.430000,276.580000,0
20101115 114046000,276.440000,276.590000,0
20101115 114047000,276.430000,276.580000,0
20101115 114126000,276.440000,276.590000,0
20101115 114140000,276.430000,276.580000,0
20101115 114140000,276.440000,276.590000,0
20101115 114142000,276.430000,276.580000,0
20101115 114143000,276.440000,276.590000,0
20101115 114143000,276.430000,276.580000,0
20101115 114144000,276.440000,276.590000,0
20101115 114145000,276.430000,276.580000,0
20101115 114151000,276.420000,276.570000,0
20101115 114151000,276.430000,276.580000,0
20101115 114209000,276.420000,276.570000,0
20101115 114213000,276.430000,276.580000,0
20101115 114309000,276.420000,276.570000,0
20101115 114311000,276.430000,276.580000,0
20101115 114314000,276.420000,276.570000,0
20101115 114315000,276.430000,276.580000,0
20101115 114315000,276.420000,276.570000,0
20101115 114316000,276.430000,276.580000,0
20101115 114319000,276.420000,276.570000,0
20101115 114333000,276.430000,276.580000,0
20101115 114333000,276.420000,276.570000,0
20101115 114334000,276.430000,276.580000,0
20101115 114335000,276.420000,276.570000,0
20101115 114348000,276.410000,276.560000,0
20101115 114405000,276.480000,276.630000,0
20101115 114406000,276.500000,276.650000,0
20101115 114551000,276.480000,276.630000,0
20101115 114552000,276.440000,276.590000,0
20101115 114553000,276.450000,276.600000,0
20101115 114553000,276.440000,276.590000,0
20101115 114554000,276.430000,276.580000,0
20101115 114554000,276.440000,276.590000,0
20101115 114603000,276.280000,276.430000,0
20101115 114610000,276.290000,276.440000,0
20101115 114642000,276.370000,276.520000,0
20101115 114643000,276.380000,276.530000,0
20101115 114646000,276.370000,276.520000,0
20101115 114711000,276.380000,276.530000,0
20101115 114721000,276.370000,276.520000,0
20101115 114729000,276.380000,276.530000,0
20101115 114730000,276.370000,276.520000,0
20101115 114730000,276.380000,276.530000,0
20101115 114731000,276.370000,276.520000,0
20101115 114741000,276.380000,276.530000,0
20101115 114742000,276.410000,276.560000,0
20101115 114742000,276.420000,276.570000,0
20101115 114744000,276.430000,276.580000,0
20101115 114753000,276.410000,276.560000,0
20101115 114755000,276.400000,276.550000,0
20101115 114819000,276.430000,276.580000,0
20101115 114820000,276.420000,276.570000,0
20101115 114820000,276.430000,276.580000,0
20101115 114824000,276.420000,276.570000,0
